PokerStars Home Game Hand #225868686839: {Club #4781089}  Hold'em No Limit (50/100) - 2021/04/15 22:39:33 EET [2021/04/15 15:39:33 ET]
Table 'VTPP NLHE' 2-max (Play Money) Seat #2 is the button
Seat 1: s70n3fac3 (10000 in chips) 
Seat 2: FDIBA2009 (10000 in chips) 
FDIBA2009: posts small blind 50
s70n3fac3: posts big blind 100
*** HOLE CARDS ***
Dealt to s70n3fac3 [Th Ac]
FDIBA2009: raises 100 to 200
s70n3fac3: calls 100
*** FLOP *** [Jd 2c 7d]
s70n3fac3: checks 
FDIBA2009: bets 189
s70n3fac3: calls 189
*** TURN *** [Jd 2c 7d] [Js]
s70n3fac3: checks 
FDIBA2009: bets 367
s70n3fac3: calls 367
*** RIVER *** [Jd 2c 7d Js] [2d]
s70n3fac3: checks 
FDIBA2009: bets 714
s70n3fac3 has timed out
s70n3fac3: folds 
Uncalled bet (714) returned to FDIBA2009
FDIBA2009 collected 1429 from pot
*** SUMMARY ***
Total pot 1512 | Rake 83 
Board [Jd 2c 7d Js 2d]
Seat 1: s70n3fac3 (big blind) folded on the River
Seat 2: FDIBA2009 (button) (small blind) collected (1429)



PokerStars Home Game Hand #225868761397: {Club #4781089}  Hold'em No Limit (50/100) - 2021/04/15 22:41:23 EET [2021/04/15 15:41:23 ET]
Table 'VTPP NLHE' 2-max (Play Money) Seat #1 is the button
Seat 1: s70n3fac3 (9244 in chips) 
Seat 2: FDIBA2009 (10673 in chips) 
s70n3fac3: posts small blind 50
FDIBA2009: posts big blind 100
*** HOLE CARDS ***
Dealt to s70n3fac3 [8c Td]
s70n3fac3: calls 50
FDIBA2009: checks 
*** FLOP *** [5h 9s 3s]
FDIBA2009: checks 
s70n3fac3: checks 
*** TURN *** [5h 9s 3s] [Ah]
FDIBA2009: checks 
s70n3fac3: checks 
*** RIVER *** [5h 9s 3s Ah] [Kc]
FDIBA2009: bets 100
s70n3fac3: folds 
Uncalled bet (100) returned to FDIBA2009
FDIBA2009 collected 189 from pot
*** SUMMARY ***
Total pot 200 | Rake 11 
Board [5h 9s 3s Ah Kc]
Seat 1: s70n3fac3 (button) (small blind) folded on the River
Seat 2: FDIBA2009 (big blind) collected (189)



PokerStars Home Game Hand #225868780591: {Club #4781089}  Hold'em No Limit (50/100) - 2021/04/15 22:41:51 EET [2021/04/15 15:41:51 ET]
Table 'VTPP NLHE' 2-max (Play Money) Seat #2 is the button
Seat 1: s70n3fac3 (9144 in chips) 
Seat 2: FDIBA2009 (10762 in chips) 
FDIBA2009: posts small blind 50
s70n3fac3: posts big blind 100
*** HOLE CARDS ***
Dealt to s70n3fac3 [Jd Kh]
FDIBA2009: raises 100 to 200
s70n3fac3: calls 100
*** FLOP *** [2s Qs 4h]
s70n3fac3: checks 
FDIBA2009: bets 189
s70n3fac3: calls 189
*** TURN *** [2s Qs 4h] [9h]
s70n3fac3: checks 
FDIBA2009: bets 367
s70n3fac3: calls 367
*** RIVER *** [2s Qs 4h 9h] [Kc]
s70n3fac3: checks 
FDIBA2009: bets 714
s70n3fac3: calls 714
*** SHOW DOWN ***
FDIBA2009: shows [Qc Ts] (a pair of Queens)
s70n3fac3: shows [Jd Kh] (a pair of Kings)
s70n3fac3 collected 2778 from pot
*** SUMMARY ***
Total pot 2940 | Rake 162 
Board [2s Qs 4h 9h Kc]
Seat 1: s70n3fac3 (big blind) showed [Jd Kh] and won (2778) with a pair of Kings
Seat 2: FDIBA2009 (button) (small blind) showed [Qc Ts] and lost with a pair of Queens



PokerStars Home Game Hand #225868812449: {Club #4781089}  Hold'em No Limit (50/100) - 2021/04/15 22:42:38 EET [2021/04/15 15:42:38 ET]
Table 'VTPP NLHE' 2-max (Play Money) Seat #1 is the button
Seat 1: s70n3fac3 (10452 in chips) 
Seat 2: FDIBA2009 (9292 in chips) 
s70n3fac3: posts small blind 50
FDIBA2009: posts big blind 100
*** HOLE CARDS ***
Dealt to s70n3fac3 [9d Jd]
s70n3fac3: raises 100 to 200
FDIBA2009: folds 
Uncalled bet (100) returned to s70n3fac3
s70n3fac3 collected 200 from pot
s70n3fac3: doesn't show hand 
*** SUMMARY ***
Total pot 200 | Rake 0 
Seat 1: s70n3fac3 (button) (small blind) collected (200)
Seat 2: FDIBA2009 (big blind) folded before Flop



PokerStars Home Game Hand #225868817456: {Club #4781089}  Hold'em No Limit (50/100) - 2021/04/15 22:42:45 EET [2021/04/15 15:42:45 ET]
Table 'VTPP NLHE' 2-max (Play Money) Seat #2 is the button
Seat 1: s70n3fac3 (10552 in chips) 
Seat 2: FDIBA2009 (9192 in chips) 
FDIBA2009: posts small blind 50
s70n3fac3: posts big blind 100
*** HOLE CARDS ***
Dealt to s70n3fac3 [9s Ad]
FDIBA2009: raises 100 to 200
s70n3fac3: calls 100
*** FLOP *** [5d Qh 4c]
s70n3fac3: checks 
FDIBA2009: checks 
*** TURN *** [5d Qh 4c] [Qc]
s70n3fac3: checks 
FDIBA2009: checks 
*** RIVER *** [5d Qh 4c Qc] [2d]
s70n3fac3: bets 250
FDIBA2009: folds 
Uncalled bet (250) returned to s70n3fac3
s70n3fac3 collected 378 from pot
s70n3fac3: doesn't show hand 
*** SUMMARY ***
Total pot 400 | Rake 22 
Board [5d Qh 4c Qc 2d]
Seat 1: s70n3fac3 (big blind) collected (378)
Seat 2: FDIBA2009 (button) (small blind) folded on the River



PokerStars Home Game Hand #225868831354: {Club #4781089}  Hold'em No Limit (50/100) - 2021/04/15 22:43:05 EET [2021/04/15 15:43:05 ET]
Table 'VTPP NLHE' 2-max (Play Money) Seat #1 is the button
Seat 1: s70n3fac3 (10730 in chips) 
Seat 2: FDIBA2009 (8992 in chips) 
s70n3fac3: posts small blind 50
FDIBA2009: posts big blind 100
*** HOLE CARDS ***
Dealt to s70n3fac3 [Tc 3c]
s70n3fac3: calls 50
FDIBA2009: checks 
*** FLOP *** [3d 6c 9c]
FDIBA2009: checks 
s70n3fac3: bets 225
FDIBA2009: calls 225
*** TURN *** [3d 6c 9c] [8h]
FDIBA2009: checks 
s70n3fac3: bets 247
FDIBA2009: calls 247
*** RIVER *** [3d 6c 9c 8h] [5d]
FDIBA2009: checks 
s70n3fac3: checks 
*** SHOW DOWN ***
FDIBA2009: shows [9h 2d] (a pair of Nines)
s70n3fac3: mucks hand 
FDIBA2009 collected 1081 from pot
*** SUMMARY ***
Total pot 1144 | Rake 63 
Board [3d 6c 9c 8h 5d]
Seat 1: s70n3fac3 (button) (small blind) mucked [Tc 3c]
Seat 2: FDIBA2009 (big blind) showed [9h 2d] and won (1081) with a pair of Nines



PokerStars Home Game Hand #225868854259: {Club #4781089}  Hold'em No Limit (50/100) - 2021/04/15 22:43:39 EET [2021/04/15 15:43:39 ET]
Table 'VTPP NLHE' 2-max (Play Money) Seat #2 is the button
Seat 1: s70n3fac3 (10158 in chips) 
Seat 2: FDIBA2009 (9501 in chips) 
FDIBA2009: posts small blind 50
s70n3fac3: posts big blind 100
*** HOLE CARDS ***
Dealt to s70n3fac3 [7d 9h]
FDIBA2009: folds 
Uncalled bet (50) returned to s70n3fac3
s70n3fac3 collected 100 from pot
s70n3fac3: doesn't show hand 
*** SUMMARY ***
Total pot 100 | Rake 0 
Seat 1: s70n3fac3 (big blind) collected (100)
Seat 2: FDIBA2009 (button) (small blind) folded before Flop



PokerStars Home Game Hand #225868860093: {Club #4781089}  Hold'em No Limit (50/100) - 2021/04/15 22:43:48 EET [2021/04/15 15:43:48 ET]
Table 'VTPP NLHE' 2-max (Play Money) Seat #1 is the button
Seat 1: s70n3fac3 (10208 in chips) 
Seat 2: FDIBA2009 (9451 in chips) 
s70n3fac3: posts small blind 50
FDIBA2009: posts big blind 100
*** HOLE CARDS ***
Dealt to s70n3fac3 [8c Td]
s70n3fac3: calls 50
FDIBA2009: checks 
*** FLOP *** [Ah 9h 3h]
FDIBA2009: checks 
s70n3fac3: bets 189
FDIBA2009: calls 189
*** TURN *** [Ah 9h 3h] [Jh]
FDIBA2009: checks 
s70n3fac3: bets 273
FDIBA2009: calls 273
*** RIVER *** [Ah 9h 3h Jh] [2s]
FDIBA2009: checks 
s70n3fac3: bets 1245
FDIBA2009: folds 
Uncalled bet (1245) returned to s70n3fac3
s70n3fac3 collected 1062 from pot
s70n3fac3: doesn't show hand 
*** SUMMARY ***
Total pot 1124 | Rake 62 
Board [Ah 9h 3h Jh 2s]
Seat 1: s70n3fac3 (button) (small blind) collected (1062)
Seat 2: FDIBA2009 (big blind) folded on the River



PokerStars Home Game Hand #225868888241: {Club #4781089}  Hold'em No Limit (50/100) - 2021/04/15 22:44:23 EET [2021/04/15 15:44:23 ET]
Table 'VTPP NLHE' 2-max (Play Money) Seat #2 is the button
Seat 1: s70n3fac3 (10708 in chips) 
Seat 2: FDIBA2009 (8889 in chips) 
FDIBA2009: posts small blind 50
s70n3fac3: posts big blind 100
*** HOLE CARDS ***
Dealt to s70n3fac3 [7s 5c]
FDIBA2009: raises 100 to 200
s70n3fac3: folds 
Uncalled bet (100) returned to FDIBA2009
FDIBA2009 collected 200 from pot
*** SUMMARY ***
Total pot 200 | Rake 0 
Seat 1: s70n3fac3 (big blind) folded before Flop
Seat 2: FDIBA2009 (button) (small blind) collected (200)



PokerStars Home Game Hand #225868893803: {Club #4781089}  Hold'em No Limit (50/100) - 2021/04/15 22:44:31 EET [2021/04/15 15:44:31 ET]
Table 'VTPP NLHE' 2-max (Play Money) Seat #1 is the button
Seat 1: s70n3fac3 (10608 in chips) 
Seat 2: FDIBA2009 (8989 in chips) 
s70n3fac3: posts small blind 50
FDIBA2009: posts big blind 100
*** HOLE CARDS ***
Dealt to s70n3fac3 [Tc 2d]
s70n3fac3: folds 
Uncalled bet (50) returned to FDIBA2009
FDIBA2009 collected 100 from pot
*** SUMMARY ***
Total pot 100 | Rake 0 
Seat 1: s70n3fac3 (button) (small blind) folded before Flop
Seat 2: FDIBA2009 (big blind) collected (100)



PokerStars Home Game Hand #225868902378: {Club #4781089}  Hold'em No Limit (50/100) - 2021/04/15 22:44:36 EET [2021/04/15 15:44:36 ET]
Table 'VTPP NLHE' 2-max (Play Money) Seat #2 is the button
Seat 1: s70n3fac3 (10558 in chips) 
Seat 2: FDIBA2009 (9039 in chips) 
FDIBA2009: posts small blind 50
s70n3fac3: posts big blind 100
*** HOLE CARDS ***
Dealt to s70n3fac3 [8c 5c]
FDIBA2009: raises 100 to 200
s70n3fac3: calls 100
*** FLOP *** [8h 3s Kd]
s70n3fac3: checks 
FDIBA2009: bets 189
s70n3fac3: calls 189
*** TURN *** [8h 3s Kd] [Js]
s70n3fac3: checks 
FDIBA2009: checks 
*** RIVER *** [8h 3s Kd Js] [8s]
s70n3fac3: bets 400
FDIBA2009: folds 
Uncalled bet (400) returned to s70n3fac3
s70n3fac3 collected 735 from pot
s70n3fac3: doesn't show hand 
*** SUMMARY ***
Total pot 778 | Rake 43 
Board [8h 3s Kd Js 8s]
Seat 1: s70n3fac3 (big blind) collected (735)
Seat 2: FDIBA2009 (button) (small blind) folded on the River



PokerStars Home Game Hand #225868916897: {Club #4781089}  Hold'em No Limit (50/100) - 2021/04/15 22:44:58 EET [2021/04/15 15:44:58 ET]
Table 'VTPP NLHE' 2-max (Play Money) Seat #1 is the button
Seat 1: s70n3fac3 (10904 in chips) 
Seat 2: FDIBA2009 (8650 in chips) 
s70n3fac3: posts small blind 50
FDIBA2009: posts big blind 100
*** HOLE CARDS ***
Dealt to s70n3fac3 [5c 8c]
s70n3fac3: calls 50
FDIBA2009: checks 
*** FLOP *** [3s Kh Td]
FDIBA2009: checks 
s70n3fac3: checks 
*** TURN *** [3s Kh Td] [Qs]
FDIBA2009: checks 
s70n3fac3: checks 
*** RIVER *** [3s Kh Td Qs] [Th]
FDIBA2009: checks 
s70n3fac3: checks 
*** SHOW DOWN ***
FDIBA2009: shows [8h 3c] (two pair, Tens and Threes)
s70n3fac3: mucks hand 
FDIBA2009 collected 189 from pot
*** SUMMARY ***
Total pot 200 | Rake 11 
Board [3s Kh Td Qs Th]
Seat 1: s70n3fac3 (button) (small blind) mucked [5c 8c]
Seat 2: FDIBA2009 (big blind) showed [8h 3c] and won (189) with two pair, Tens and Threes



PokerStars Home Game Hand #225868932550: {Club #4781089}  Hold'em No Limit (50/100) - 2021/04/15 22:45:21 EET [2021/04/15 15:45:21 ET]
Table 'VTPP NLHE' 2-max (Play Money) Seat #2 is the button
Seat 1: s70n3fac3 (10804 in chips) 
Seat 2: FDIBA2009 (8739 in chips) 
FDIBA2009: posts small blind 50
s70n3fac3: posts big blind 100
*** HOLE CARDS ***
Dealt to s70n3fac3 [8h 9h]
FDIBA2009: raises 100 to 200
s70n3fac3: calls 100
*** FLOP *** [Ad 9d 2s]
s70n3fac3: checks 
FDIBA2009: checks 
*** TURN *** [Ad 9d 2s] [5d]
s70n3fac3: bets 200
FDIBA2009: folds 
Uncalled bet (200) returned to s70n3fac3
s70n3fac3 collected 378 from pot
s70n3fac3: doesn't show hand 
*** SUMMARY ***
Total pot 400 | Rake 22 
Board [Ad 9d 2s 5d]
Seat 1: s70n3fac3 (big blind) collected (378)
Seat 2: FDIBA2009 (button) (small blind) folded on the Turn



PokerStars Home Game Hand #225868944280: {Club #4781089}  Hold'em No Limit (50/100) - 2021/04/15 22:45:39 EET [2021/04/15 15:45:39 ET]
Table 'VTPP NLHE' 2-max (Play Money) Seat #1 is the button
Seat 1: s70n3fac3 (10982 in chips) 
Seat 2: FDIBA2009 (8539 in chips) 
s70n3fac3: posts small blind 50
FDIBA2009: posts big blind 100
*** HOLE CARDS ***
Dealt to s70n3fac3 [5h Ts]
s70n3fac3: folds 
Uncalled bet (50) returned to FDIBA2009
FDIBA2009 collected 100 from pot
*** SUMMARY ***
Total pot 100 | Rake 0 
Seat 1: s70n3fac3 (button) (small blind) folded before Flop
Seat 2: FDIBA2009 (big blind) collected (100)



PokerStars Home Game Hand #225868947174: {Club #4781089}  Hold'em No Limit (50/100) - 2021/04/15 22:45:43 EET [2021/04/15 15:45:43 ET]
Table 'VTPP NLHE' 2-max (Play Money) Seat #2 is the button
Seat 1: s70n3fac3 (10932 in chips) 
Seat 2: FDIBA2009 (8589 in chips) 
FDIBA2009: posts small blind 50
s70n3fac3: posts big blind 100
*** HOLE CARDS ***
Dealt to s70n3fac3 [6c Js]
FDIBA2009: raises 100 to 200
s70n3fac3: folds 
Uncalled bet (100) returned to FDIBA2009
FDIBA2009 collected 200 from pot
*** SUMMARY ***
Total pot 200 | Rake 0 
Seat 1: s70n3fac3 (big blind) folded before Flop
Seat 2: FDIBA2009 (button) (small blind) collected (200)



PokerStars Home Game Hand #225868951260: {Club #4781089}  Hold'em No Limit (50/100) - 2021/04/15 22:45:49 EET [2021/04/15 15:45:49 ET]
Table 'VTPP NLHE' 2-max (Play Money) Seat #1 is the button
Seat 1: s70n3fac3 (10832 in chips) 
Seat 2: FDIBA2009 (8689 in chips) 
s70n3fac3: posts small blind 50
FDIBA2009: posts big blind 100
*** HOLE CARDS ***
Dealt to s70n3fac3 [Js 6d]
s70n3fac3: folds 
Uncalled bet (50) returned to FDIBA2009
FDIBA2009 collected 100 from pot
*** SUMMARY ***
Total pot 100 | Rake 0 
Seat 1: s70n3fac3 (button) (small blind) folded before Flop
Seat 2: FDIBA2009 (big blind) collected (100)



PokerStars Home Game Hand #225868954224: {Club #4781089}  Hold'em No Limit (50/100) - 2021/04/15 22:45:54 EET [2021/04/15 15:45:54 ET]
Table 'VTPP NLHE' 2-max (Play Money) Seat #2 is the button
Seat 1: s70n3fac3 (10782 in chips) 
Seat 2: FDIBA2009 (8739 in chips) 
FDIBA2009: posts small blind 50
s70n3fac3: posts big blind 100
*** HOLE CARDS ***
Dealt to s70n3fac3 [Kh 9h]
FDIBA2009: raises 100 to 200
s70n3fac3: calls 100
*** FLOP *** [Jh 8c 3h]
s70n3fac3: checks 
FDIBA2009: bets 378
s70n3fac3: calls 378
*** TURN *** [Jh 8c 3h] [5s]
s70n3fac3: checks 
FDIBA2009: bets 700
s70n3fac3: folds 
Uncalled bet (700) returned to FDIBA2009
FDIBA2009 collected 1092 from pot
*** SUMMARY ***
Total pot 1156 | Rake 64 
Board [Jh 8c 3h 5s]
Seat 1: s70n3fac3 (big blind) folded on the Turn
Seat 2: FDIBA2009 (button) (small blind) collected (1092)



PokerStars Home Game Hand #225868981757: {Club #4781089}  Hold'em No Limit (50/100) - 2021/04/15 22:46:34 EET [2021/04/15 15:46:34 ET]
Table 'VTPP NLHE' 2-max (Play Money) Seat #1 is the button
Seat 1: s70n3fac3 (10204 in chips) 
Seat 2: FDIBA2009 (9253 in chips) 
s70n3fac3: posts small blind 50
FDIBA2009: posts big blind 100
*** HOLE CARDS ***
Dealt to s70n3fac3 [5d 9d]
s70n3fac3: calls 50
FDIBA2009: checks 
*** FLOP *** [Ac 9c Kh]
FDIBA2009: checks 
s70n3fac3: bets 150
FDIBA2009: folds 
Uncalled bet (150) returned to s70n3fac3
s70n3fac3 collected 189 from pot
s70n3fac3: doesn't show hand 
*** SUMMARY ***
Total pot 200 | Rake 11 
Board [Ac 9c Kh]
Seat 1: s70n3fac3 (button) (small blind) collected (189)
Seat 2: FDIBA2009 (big blind) folded on the Flop



PokerStars Home Game Hand #225868991372: {Club #4781089}  Hold'em No Limit (50/100) - 2021/04/15 22:46:49 EET [2021/04/15 15:46:49 ET]
Table 'VTPP NLHE' 2-max (Play Money) Seat #2 is the button
Seat 1: s70n3fac3 (10293 in chips) 
Seat 2: FDIBA2009 (9153 in chips) 
FDIBA2009: posts small blind 50
s70n3fac3: posts big blind 100
*** HOLE CARDS ***
Dealt to s70n3fac3 [2c 6s]
FDIBA2009: raises 100 to 200
s70n3fac3: folds 
Uncalled bet (100) returned to FDIBA2009
FDIBA2009 collected 200 from pot
*** SUMMARY ***
Total pot 200 | Rake 0 
Seat 1: s70n3fac3 (big blind) folded before Flop
Seat 2: FDIBA2009 (button) (small blind) collected (200)



PokerStars Home Game Hand #225868996221: {Club #4781089}  Hold'em No Limit (50/100) - 2021/04/15 22:46:56 EET [2021/04/15 15:46:56 ET]
Table 'VTPP NLHE' 2-max (Play Money) Seat #1 is the button
Seat 1: s70n3fac3 (10193 in chips) 
Seat 2: FDIBA2009 (9253 in chips) 
s70n3fac3: posts small blind 50
FDIBA2009: posts big blind 100
*** HOLE CARDS ***
Dealt to s70n3fac3 [9d 5c]
s70n3fac3: calls 50
FDIBA2009: checks 
*** FLOP *** [Td 5h 2d]
FDIBA2009: checks 
s70n3fac3: bets 100
FDIBA2009: calls 100
*** TURN *** [Td 5h 2d] [Ts]
FDIBA2009: checks 
s70n3fac3: bets 200
FDIBA2009: calls 200
*** RIVER *** [Td 5h 2d Ts] [4c]
FDIBA2009: checks 
s70n3fac3: bets 400
FDIBA2009: calls 400
*** SHOW DOWN ***
s70n3fac3: shows [9d 5c] (two pair, Tens and Fives)
FDIBA2009: mucks hand 
s70n3fac3 collected 1512 from pot
*** SUMMARY ***
Total pot 1600 | Rake 88 
Board [Td 5h 2d Ts 4c]
Seat 1: s70n3fac3 (button) (small blind) showed [9d 5c] and won (1512) with two pair, Tens and Fives
Seat 2: FDIBA2009 (big blind) mucked [2s Kh]



PokerStars Home Game Hand #225869012360: {Club #4781089}  Hold'em No Limit (50/100) - 2021/04/15 22:47:20 EET [2021/04/15 15:47:20 ET]
Table 'VTPP NLHE' 2-max (Play Money) Seat #2 is the button
Seat 1: s70n3fac3 (10905 in chips) 
Seat 2: FDIBA2009 (8453 in chips) 
FDIBA2009: posts small blind 50
s70n3fac3: posts big blind 100
*** HOLE CARDS ***
Dealt to s70n3fac3 [6c Ac]
FDIBA2009: raises 100 to 200
s70n3fac3: calls 100
*** FLOP *** [4d Jh Jd]
s70n3fac3: checks 
FDIBA2009: checks 
*** TURN *** [4d Jh Jd] [3c]
s70n3fac3: checks 
FDIBA2009: checks 
*** RIVER *** [4d Jh Jd 3c] [4c]
s70n3fac3: bets 300
FDIBA2009: folds 
Uncalled bet (300) returned to s70n3fac3
s70n3fac3 collected 378 from pot
s70n3fac3: doesn't show hand 
*** SUMMARY ***
Total pot 400 | Rake 22 
Board [4d Jh Jd 3c 4c]
Seat 1: s70n3fac3 (big blind) collected (378)
Seat 2: FDIBA2009 (button) (small blind) folded on the River



PokerStars Home Game Hand #225869026243: {Club #4781089}  Hold'em No Limit (50/100) - 2021/04/15 22:47:41 EET [2021/04/15 15:47:41 ET]
Table 'VTPP NLHE' 2-max (Play Money) Seat #1 is the button
Seat 1: s70n3fac3 (11083 in chips) 
Seat 2: FDIBA2009 (8253 in chips) 
s70n3fac3: posts small blind 50
FDIBA2009: posts big blind 100
*** HOLE CARDS ***
Dealt to s70n3fac3 [As 8d]
s70n3fac3: calls 50
FDIBA2009: checks 
*** FLOP *** [Ah 3h Jh]
FDIBA2009: checks 
s70n3fac3: checks 
*** TURN *** [Ah 3h Jh] [2c]
FDIBA2009: bets 189
s70n3fac3: calls 189
*** RIVER *** [Ah 3h Jh 2c] [3d]
FDIBA2009: bets 546
s70n3fac3: calls 546
*** SHOW DOWN ***
FDIBA2009: shows [3s 2d] (a full house, Threes full of Deuces)
s70n3fac3: mucks hand 
FDIBA2009 collected 1578 from pot
*** SUMMARY ***
Total pot 1670 | Rake 92 
Board [Ah 3h Jh 2c 3d]
Seat 1: s70n3fac3 (button) (small blind) mucked [As 8d]
Seat 2: FDIBA2009 (big blind) showed [3s 2d] and won (1578) with a full house, Threes full of Deuces



PokerStars Home Game Hand #225869040311: {Club #4781089}  Hold'em No Limit (50/100) - 2021/04/15 22:48:01 EET [2021/04/15 15:48:01 ET]
Table 'VTPP NLHE' 2-max (Play Money) Seat #2 is the button
Seat 1: s70n3fac3 (10248 in chips) 
Seat 2: FDIBA2009 (8996 in chips) 
FDIBA2009: posts small blind 50
s70n3fac3: posts big blind 100
*** HOLE CARDS ***
Dealt to s70n3fac3 [9d 8h]
FDIBA2009: calls 50
s70n3fac3: checks 
*** FLOP *** [5d 2c 6c]
s70n3fac3: checks 
FDIBA2009: checks 
*** TURN *** [5d 2c 6c] [Js]
s70n3fac3: checks 
FDIBA2009: checks 
*** RIVER *** [5d 2c 6c Js] [Jh]
s70n3fac3: checks 
FDIBA2009: bets 100
s70n3fac3: folds 
Uncalled bet (100) returned to FDIBA2009
FDIBA2009 collected 189 from pot
*** SUMMARY ***
Total pot 200 | Rake 11 
Board [5d 2c 6c Js Jh]
Seat 1: s70n3fac3 (big blind) folded on the River
Seat 2: FDIBA2009 (button) (small blind) collected (189)



PokerStars Home Game Hand #225869057938: {Club #4781089}  Hold'em No Limit (50/100) - 2021/04/15 22:48:28 EET [2021/04/15 15:48:28 ET]
Table 'VTPP NLHE' 2-max (Play Money) Seat #1 is the button
Seat 1: s70n3fac3 (10148 in chips) 
Seat 2: FDIBA2009 (9085 in chips) 
s70n3fac3: posts small blind 50
FDIBA2009: posts big blind 100
*** HOLE CARDS ***
Dealt to s70n3fac3 [2c 8d]
s70n3fac3: folds 
Uncalled bet (50) returned to FDIBA2009
FDIBA2009 collected 100 from pot
*** SUMMARY ***
Total pot 100 | Rake 0 
Seat 1: s70n3fac3 (button) (small blind) folded before Flop
Seat 2: FDIBA2009 (big blind) collected (100)



PokerStars Home Game Hand #225869060552: {Club #4781089}  Hold'em No Limit (50/100) - 2021/04/15 22:48:31 EET [2021/04/15 15:48:31 ET]
Table 'VTPP NLHE' 2-max (Play Money) Seat #2 is the button
Seat 1: s70n3fac3 (10098 in chips) 
Seat 2: FDIBA2009 (9135 in chips) 
FDIBA2009: posts small blind 50
s70n3fac3: posts big blind 100
*** HOLE CARDS ***
Dealt to s70n3fac3 [Jh Kc]
FDIBA2009: raises 100 to 200
s70n3fac3: calls 100
*** FLOP *** [Kd 5d 2h]
s70n3fac3: bets 200
FDIBA2009: folds 
Uncalled bet (200) returned to s70n3fac3
s70n3fac3 collected 378 from pot
s70n3fac3: doesn't show hand 
*** SUMMARY ***
Total pot 400 | Rake 22 
Board [Kd 5d 2h]
Seat 1: s70n3fac3 (big blind) collected (378)
Seat 2: FDIBA2009 (button) (small blind) folded on the Flop



PokerStars Home Game Hand #225869067450: {Club #4781089}  Hold'em No Limit (50/100) - 2021/04/15 22:48:42 EET [2021/04/15 15:48:42 ET]
Table 'VTPP NLHE' 2-max (Play Money) Seat #1 is the button
Seat 1: s70n3fac3 (10276 in chips) 
Seat 2: FDIBA2009 (8935 in chips) 
s70n3fac3: posts small blind 50
FDIBA2009: posts big blind 100
*** HOLE CARDS ***
Dealt to s70n3fac3 [6s 4h]
s70n3fac3: calls 50
FDIBA2009: checks 
*** FLOP *** [Kc 2c 9s]
FDIBA2009: checks 
s70n3fac3: bets 200
FDIBA2009: folds 
Uncalled bet (200) returned to s70n3fac3
s70n3fac3 collected 189 from pot
s70n3fac3: doesn't show hand 
*** SUMMARY ***
Total pot 200 | Rake 11 
Board [Kc 2c 9s]
Seat 1: s70n3fac3 (button) (small blind) collected (189)
Seat 2: FDIBA2009 (big blind) folded on the Flop



PokerStars Home Game Hand #225869074730: {Club #4781089}  Hold'em No Limit (50/100) - 2021/04/15 22:48:52 EET [2021/04/15 15:48:52 ET]
Table 'VTPP NLHE' 2-max (Play Money) Seat #2 is the button
Seat 1: s70n3fac3 (10365 in chips) 
Seat 2: FDIBA2009 (8835 in chips) 
FDIBA2009: posts small blind 50
s70n3fac3: posts big blind 100
*** HOLE CARDS ***
Dealt to s70n3fac3 [6s 3s]
FDIBA2009: raises 100 to 200
s70n3fac3: calls 100
*** FLOP *** [3c Kc 9h]
s70n3fac3: checks 
FDIBA2009: checks 
*** TURN *** [3c Kc 9h] [8d]
s70n3fac3: checks 
FDIBA2009: bets 189
s70n3fac3: calls 189
*** RIVER *** [3c Kc 9h 8d] [4d]
s70n3fac3: checks 
FDIBA2009: checks 
*** SHOW DOWN ***
s70n3fac3: shows [6s 3s] (a pair of Threes)
FDIBA2009: shows [8c Jc] (a pair of Eights)
FDIBA2009 collected 735 from pot
*** SUMMARY ***
Total pot 778 | Rake 43 
Board [3c Kc 9h 8d 4d]
Seat 1: s70n3fac3 (big blind) showed [6s 3s] and lost with a pair of Threes
Seat 2: FDIBA2009 (button) (small blind) showed [8c Jc] and won (735) with a pair of Eights



PokerStars Home Game Hand #225869090167: {Club #4781089}  Hold'em No Limit (50/100) - 2021/04/15 22:49:15 EET [2021/04/15 15:49:15 ET]
Table 'VTPP NLHE' 2-max (Play Money) Seat #1 is the button
Seat 1: s70n3fac3 (9976 in chips) 
Seat 2: FDIBA2009 (9181 in chips) 
s70n3fac3: posts small blind 50
FDIBA2009: posts big blind 100
*** HOLE CARDS ***
Dealt to s70n3fac3 [8d 9h]
s70n3fac3: calls 50
FDIBA2009: checks 
*** FLOP *** [8h 5h Ah]
FDIBA2009: checks 
s70n3fac3: bets 200
FDIBA2009: folds 
Uncalled bet (200) returned to s70n3fac3
s70n3fac3 collected 189 from pot
s70n3fac3: doesn't show hand 
*** SUMMARY ***
Total pot 200 | Rake 11 
Board [8h 5h Ah]
Seat 1: s70n3fac3 (button) (small blind) collected (189)
Seat 2: FDIBA2009 (big blind) folded on the Flop



PokerStars Home Game Hand #225869099985: {Club #4781089}  Hold'em No Limit (50/100) - 2021/04/15 22:49:30 EET [2021/04/15 15:49:30 ET]
Table 'VTPP NLHE' 2-max (Play Money) Seat #2 is the button
Seat 1: s70n3fac3 (10065 in chips) 
Seat 2: FDIBA2009 (9081 in chips) 
FDIBA2009: posts small blind 50
s70n3fac3: posts big blind 100
*** HOLE CARDS ***
Dealt to s70n3fac3 [Jd Js]
FDIBA2009: raises 100 to 200
s70n3fac3: raises 250 to 450
FDIBA2009: calls 250
*** FLOP *** [3h Kh Ad]
s70n3fac3: checks 
FDIBA2009: checks 
*** TURN *** [3h Kh Ad] [2d]
s70n3fac3: checks 
FDIBA2009: bets 425
s70n3fac3: calls 425
*** RIVER *** [3h Kh Ad 2d] [8s]
s70n3fac3: checks 
FDIBA2009: bets 800
s70n3fac3: calls 800
*** SHOW DOWN ***
FDIBA2009: shows [Ac 3d] (two pair, Aces and Threes)
s70n3fac3: mucks hand 
FDIBA2009 collected 3166 from pot
*** SUMMARY ***
Total pot 3350 | Rake 184 
Board [3h Kh Ad 2d 8s]
Seat 1: s70n3fac3 (big blind) mucked [Jd Js]
Seat 2: FDIBA2009 (button) (small blind) showed [Ac 3d] and won (3166) with two pair, Aces and Threes



PokerStars Home Game Hand #225869133947: {Club #4781089}  Hold'em No Limit (50/100) - 2021/04/15 22:50:20 EET [2021/04/15 15:50:20 ET]
Table 'VTPP NLHE' 2-max (Play Money) Seat #1 is the button
Seat 1: s70n3fac3 (8390 in chips) 
Seat 2: FDIBA2009 (10572 in chips) 
s70n3fac3: posts small blind 50
FDIBA2009: posts big blind 100
*** HOLE CARDS ***
Dealt to s70n3fac3 [Kd Qd]
s70n3fac3: raises 100 to 200
FDIBA2009: folds 
Uncalled bet (100) returned to s70n3fac3
s70n3fac3 collected 200 from pot
s70n3fac3: doesn't show hand 
*** SUMMARY ***
Total pot 200 | Rake 0 
Seat 1: s70n3fac3 (button) (small blind) collected (200)
Seat 2: FDIBA2009 (big blind) folded before Flop



PokerStars Home Game Hand #225869142428: {Club #4781089}  Hold'em No Limit (50/100) - 2021/04/15 22:50:33 EET [2021/04/15 15:50:33 ET]
Table 'VTPP NLHE' 2-max (Play Money) Seat #2 is the button
Seat 1: s70n3fac3 (8490 in chips) 
Seat 2: FDIBA2009 (10472 in chips) 
FDIBA2009: posts small blind 50
s70n3fac3: posts big blind 100
*** HOLE CARDS ***
Dealt to s70n3fac3 [2h Ad]
FDIBA2009: calls 50
s70n3fac3: checks 
*** FLOP *** [Td Js 4s]
s70n3fac3: checks 
FDIBA2009: checks 
*** TURN *** [Td Js 4s] [4c]
s70n3fac3: bets 200
FDIBA2009: folds 
Uncalled bet (200) returned to s70n3fac3
s70n3fac3 collected 189 from pot
s70n3fac3: doesn't show hand 
*** SUMMARY ***
Total pot 200 | Rake 11 
Board [Td Js 4s 4c]
Seat 1: s70n3fac3 (big blind) collected (189)
Seat 2: FDIBA2009 (button) (small blind) folded on the Turn



PokerStars Home Game Hand #225869153708: {Club #4781089}  Hold'em No Limit (50/100) - 2021/04/15 22:50:50 EET [2021/04/15 15:50:50 ET]
Table 'VTPP NLHE' 2-max (Play Money) Seat #1 is the button
Seat 1: s70n3fac3 (8579 in chips) 
Seat 2: FDIBA2009 (10372 in chips) 
s70n3fac3: posts small blind 50
FDIBA2009: posts big blind 100
*** HOLE CARDS ***
Dealt to s70n3fac3 [9d 8d]
s70n3fac3: raises 100 to 200
FDIBA2009: calls 100
*** FLOP *** [Th 9s Qh]
FDIBA2009: checks 
s70n3fac3: bets 200
FDIBA2009: calls 200
*** TURN *** [Th 9s Qh] [5h]
FDIBA2009: checks 
s70n3fac3: checks 
*** RIVER *** [Th 9s Qh 5h] [5d]
FDIBA2009: bets 378
s70n3fac3: folds 
Uncalled bet (378) returned to FDIBA2009
FDIBA2009 collected 756 from pot
*** SUMMARY ***
Total pot 800 | Rake 44 
Board [Th 9s Qh 5h 5d]
Seat 1: s70n3fac3 (button) (small blind) folded on the River
Seat 2: FDIBA2009 (big blind) collected (756)



PokerStars Home Game Hand #225869175481: {Club #4781089}  Hold'em No Limit (50/100) - 2021/04/15 22:51:22 EET [2021/04/15 15:51:22 ET]
Table 'VTPP NLHE' 2-max (Play Money) Seat #2 is the button
Seat 1: s70n3fac3 (8179 in chips) 
Seat 2: FDIBA2009 (10728 in chips) 
FDIBA2009: posts small blind 50
s70n3fac3: posts big blind 100
*** HOLE CARDS ***
Dealt to s70n3fac3 [Ks 8d]
FDIBA2009: raises 100 to 200
s70n3fac3: calls 100
*** FLOP *** [7d 5h Ah]
s70n3fac3: checks 
FDIBA2009: bets 189
s70n3fac3: folds 
Uncalled bet (189) returned to FDIBA2009
FDIBA2009 collected 378 from pot
*** SUMMARY ***
Total pot 400 | Rake 22 
Board [7d 5h Ah]
Seat 1: s70n3fac3 (big blind) folded on the Flop
Seat 2: FDIBA2009 (button) (small blind) collected (378)



PokerStars Home Game Hand #225869183761: {Club #4781089}  Hold'em No Limit (50/100) - 2021/04/15 22:51:35 EET [2021/04/15 15:51:35 ET]
Table 'VTPP NLHE' 2-max (Play Money) Seat #1 is the button
Seat 1: s70n3fac3 (7979 in chips) 
Seat 2: FDIBA2009 (10906 in chips) 
s70n3fac3: posts small blind 50
FDIBA2009: posts big blind 100
*** HOLE CARDS ***
Dealt to s70n3fac3 [4c Ks]
s70n3fac3: calls 50
FDIBA2009: checks 
*** FLOP *** [8s Kc As]
FDIBA2009: checks 
s70n3fac3: bets 100
FDIBA2009: calls 100
*** TURN *** [8s Kc As] [3d]
FDIBA2009: checks 
s70n3fac3: bets 200
FDIBA2009: folds 
Uncalled bet (200) returned to s70n3fac3
s70n3fac3 collected 378 from pot
s70n3fac3: doesn't show hand 
*** SUMMARY ***
Total pot 400 | Rake 22 
Board [8s Kc As 3d]
Seat 1: s70n3fac3 (button) (small blind) collected (378)
Seat 2: FDIBA2009 (big blind) folded on the Turn



PokerStars Home Game Hand #225869195682: {Club #4781089}  Hold'em No Limit (50/100) - 2021/04/15 22:51:52 EET [2021/04/15 15:51:52 ET]
Table 'VTPP NLHE' 2-max (Play Money) Seat #2 is the button
Seat 1: s70n3fac3 (8157 in chips) 
Seat 2: FDIBA2009 (10706 in chips) 
FDIBA2009: posts small blind 50
s70n3fac3: posts big blind 100
*** HOLE CARDS ***
Dealt to s70n3fac3 [Js 4s]
FDIBA2009: raises 100 to 200
s70n3fac3: calls 100
*** FLOP *** [Kh 5d 2h]
s70n3fac3: checks 
FDIBA2009: checks 
*** TURN *** [Kh 5d 2h] [Ac]
s70n3fac3: checks 
FDIBA2009: checks 
*** RIVER *** [Kh 5d 2h Ac] [Tc]
s70n3fac3: checks 
FDIBA2009: bets 100
s70n3fac3: folds 
Uncalled bet (100) returned to FDIBA2009
FDIBA2009 collected 378 from pot
*** SUMMARY ***
Total pot 400 | Rake 22 
Board [Kh 5d 2h Ac Tc]
Seat 1: s70n3fac3 (big blind) folded on the River
Seat 2: FDIBA2009 (button) (small blind) collected (378)



PokerStars Home Game Hand #225869209652: {Club #4781089}  Hold'em No Limit (50/100) - 2021/04/15 22:52:13 EET [2021/04/15 15:52:13 ET]
Table 'VTPP NLHE' 2-max (Play Money) Seat #1 is the button
Seat 1: s70n3fac3 (7957 in chips) 
Seat 2: FDIBA2009 (10884 in chips) 
s70n3fac3: posts small blind 50
FDIBA2009: posts big blind 100
*** HOLE CARDS ***
Dealt to s70n3fac3 [5s Qc]
s70n3fac3: folds 
Uncalled bet (50) returned to FDIBA2009
FDIBA2009 collected 100 from pot
*** SUMMARY ***
Total pot 100 | Rake 0 
Seat 1: s70n3fac3 (button) (small blind) folded before Flop
Seat 2: FDIBA2009 (big blind) collected (100)



PokerStars Home Game Hand #225869212123: {Club #4781089}  Hold'em No Limit (50/100) - 2021/04/15 22:52:17 EET [2021/04/15 15:52:17 ET]
Table 'VTPP NLHE' 2-max (Play Money) Seat #2 is the button
Seat 1: s70n3fac3 (7907 in chips) 
Seat 2: FDIBA2009 (10934 in chips) 
FDIBA2009: posts small blind 50
s70n3fac3: posts big blind 100
*** HOLE CARDS ***
Dealt to s70n3fac3 [6s Tc]
FDIBA2009: raises 100 to 200
s70n3fac3: calls 100
*** FLOP *** [5c Ks 9h]
s70n3fac3: checks 
FDIBA2009: checks 
*** TURN *** [5c Ks 9h] [3d]
s70n3fac3: checks 
FDIBA2009: bets 100
s70n3fac3: folds 
Uncalled bet (100) returned to FDIBA2009
FDIBA2009 collected 378 from pot
*** SUMMARY ***
Total pot 400 | Rake 22 
Board [5c Ks 9h 3d]
Seat 1: s70n3fac3 (big blind) folded on the Turn
Seat 2: FDIBA2009 (button) (small blind) collected (378)



PokerStars Home Game Hand #225869223898: {Club #4781089}  Hold'em No Limit (50/100) - 2021/04/15 22:52:34 EET [2021/04/15 15:52:34 ET]
Table 'VTPP NLHE' 2-max (Play Money) Seat #1 is the button
Seat 1: s70n3fac3 (7707 in chips) 
Seat 2: FDIBA2009 (11112 in chips) 
s70n3fac3: posts small blind 50
FDIBA2009: posts big blind 100
*** HOLE CARDS ***
Dealt to s70n3fac3 [5s Ac]
s70n3fac3: raises 100 to 200
FDIBA2009: calls 100
*** FLOP *** [Th Qs 6d]
FDIBA2009: checks 
s70n3fac3: checks 
*** TURN *** [Th Qs 6d] [9d]
FDIBA2009: checks 
s70n3fac3: bets 200
FDIBA2009: folds 
Uncalled bet (200) returned to s70n3fac3
s70n3fac3 collected 378 from pot
s70n3fac3: doesn't show hand 
*** SUMMARY ***
Total pot 400 | Rake 22 
Board [Th Qs 6d 9d]
Seat 1: s70n3fac3 (button) (small blind) collected (378)
Seat 2: FDIBA2009 (big blind) folded on the Turn



PokerStars Home Game Hand #225869233657: {Club #4781089}  Hold'em No Limit (50/100) - 2021/04/15 22:52:49 EET [2021/04/15 15:52:49 ET]
Table 'VTPP NLHE' 2-max (Play Money) Seat #2 is the button
Seat 1: s70n3fac3 (7885 in chips) 
Seat 2: FDIBA2009 (10912 in chips) 
FDIBA2009: posts small blind 50
s70n3fac3: posts big blind 100
*** HOLE CARDS ***
Dealt to s70n3fac3 [3s 9h]
FDIBA2009: raises 100 to 200
s70n3fac3: folds 
Uncalled bet (100) returned to FDIBA2009
FDIBA2009 collected 200 from pot
*** SUMMARY ***
Total pot 200 | Rake 0 
Seat 1: s70n3fac3 (big blind) folded before Flop
Seat 2: FDIBA2009 (button) (small blind) collected (200)



PokerStars Home Game Hand #225869237502: {Club #4781089}  Hold'em No Limit (50/100) - 2021/04/15 22:52:55 EET [2021/04/15 15:52:55 ET]
Table 'VTPP NLHE' 2-max (Play Money) Seat #1 is the button
Seat 1: s70n3fac3 (7785 in chips) 
Seat 2: FDIBA2009 (11012 in chips) 
s70n3fac3: posts small blind 50
FDIBA2009: posts big blind 100
*** HOLE CARDS ***
Dealt to s70n3fac3 [6h Kc]
s70n3fac3: raises 100 to 200
FDIBA2009: raises 400 to 600
s70n3fac3: folds 
Uncalled bet (400) returned to FDIBA2009
FDIBA2009 collected 400 from pot
*** SUMMARY ***
Total pot 400 | Rake 0 
Seat 1: s70n3fac3 (button) (small blind) folded before Flop
Seat 2: FDIBA2009 (big blind) collected (400)



PokerStars Home Game Hand #225869245079: {Club #4781089}  Hold'em No Limit (50/100) - 2021/04/15 22:53:06 EET [2021/04/15 15:53:06 ET]
Table 'VTPP NLHE' 2-max (Play Money) Seat #2 is the button
Seat 1: s70n3fac3 (7585 in chips) 
Seat 2: FDIBA2009 (11212 in chips) 
FDIBA2009: posts small blind 50
s70n3fac3: posts big blind 100
*** HOLE CARDS ***
Dealt to s70n3fac3 [9d 7h]
FDIBA2009: raises 100 to 200
s70n3fac3: calls 100
*** FLOP *** [9h 6s As]
s70n3fac3: checks 
FDIBA2009: bets 189
s70n3fac3: calls 189
*** TURN *** [9h 6s As] [3c]
s70n3fac3: checks 
FDIBA2009: bets 367
s70n3fac3: calls 367
*** RIVER *** [9h 6s As 3c] [Jd]
s70n3fac3: checks 
FDIBA2009: checks 
*** SHOW DOWN ***
s70n3fac3: shows [9d 7h] (a pair of Nines)
FDIBA2009: mucks hand 
s70n3fac3 collected 1429 from pot
*** SUMMARY ***
Total pot 1512 | Rake 83 
Board [9h 6s As 3c Jd]
Seat 1: s70n3fac3 (big blind) showed [9d 7h] and won (1429) with a pair of Nines
Seat 2: FDIBA2009 (button) (small blind) mucked [6h 8c]



PokerStars Home Game Hand #225869260943: {Club #4781089}  Hold'em No Limit (50/100) - 2021/04/15 22:53:30 EET [2021/04/15 15:53:30 ET]
Table 'VTPP NLHE' 2-max (Play Money) Seat #1 is the button
Seat 1: s70n3fac3 (8258 in chips) 
Seat 2: FDIBA2009 (10456 in chips) 
s70n3fac3: posts small blind 50
FDIBA2009: posts big blind 100
*** HOLE CARDS ***
Dealt to s70n3fac3 [7c Kh]
s70n3fac3: raises 100 to 200
FDIBA2009: calls 100
*** FLOP *** [Js 5d 2c]
FDIBA2009: checks 
s70n3fac3: checks 
*** TURN *** [Js 5d 2c] [8s]
FDIBA2009: checks 
s70n3fac3: checks 
*** RIVER *** [Js 5d 2c 8s] [5s]
FDIBA2009: bets 189
s70n3fac3: folds 
Uncalled bet (189) returned to FDIBA2009
FDIBA2009 collected 378 from pot
*** SUMMARY ***
Total pot 400 | Rake 22 
Board [Js 5d 2c 8s 5s]
Seat 1: s70n3fac3 (button) (small blind) folded on the River
Seat 2: FDIBA2009 (big blind) collected (378)



PokerStars Home Game Hand #225869282376: {Club #4781089}  Hold'em No Limit (50/100) - 2021/04/15 22:53:50 EET [2021/04/15 15:53:50 ET]
Table 'VTPP NLHE' 2-max (Play Money) Seat #2 is the button
Seat 1: s70n3fac3 (8058 in chips) 
Seat 2: FDIBA2009 (10634 in chips) 
FDIBA2009: posts small blind 50
s70n3fac3: posts big blind 100
*** HOLE CARDS ***
Dealt to s70n3fac3 [Th 7s]
FDIBA2009: calls 50
s70n3fac3: checks 
*** FLOP *** [7h 4c Ah]
s70n3fac3: bets 100
FDIBA2009: folds 
Uncalled bet (100) returned to s70n3fac3
s70n3fac3 collected 189 from pot
s70n3fac3: doesn't show hand 
*** SUMMARY ***
Total pot 200 | Rake 11 
Board [7h 4c Ah]
Seat 1: s70n3fac3 (big blind) collected (189)
Seat 2: FDIBA2009 (button) (small blind) folded on the Flop



PokerStars Home Game Hand #225869289751: {Club #4781089}  Hold'em No Limit (50/100) - 2021/04/15 22:54:01 EET [2021/04/15 15:54:01 ET]
Table 'VTPP NLHE' 2-max (Play Money) Seat #1 is the button
Seat 1: s70n3fac3 (8147 in chips) 
Seat 2: FDIBA2009 (10534 in chips) 
s70n3fac3: posts small blind 50
FDIBA2009: posts big blind 100
*** HOLE CARDS ***
Dealt to s70n3fac3 [2c Js]
s70n3fac3: folds 
Uncalled bet (50) returned to FDIBA2009
FDIBA2009 collected 100 from pot
*** SUMMARY ***
Total pot 100 | Rake 0 
Seat 1: s70n3fac3 (button) (small blind) folded before Flop
Seat 2: FDIBA2009 (big blind) collected (100)



PokerStars Home Game Hand #225869292258: {Club #4781089}  Hold'em No Limit (50/100) - 2021/04/15 22:54:05 EET [2021/04/15 15:54:05 ET]
Table 'VTPP NLHE' 2-max (Play Money) Seat #2 is the button
Seat 1: s70n3fac3 (8097 in chips) 
Seat 2: FDIBA2009 (10584 in chips) 
FDIBA2009: posts small blind 50
s70n3fac3: posts big blind 100
*** HOLE CARDS ***
Dealt to s70n3fac3 [7s 4h]
FDIBA2009: raises 100 to 200
s70n3fac3: folds 
Uncalled bet (100) returned to FDIBA2009
FDIBA2009 collected 200 from pot
*** SUMMARY ***
Total pot 200 | Rake 0 
Seat 1: s70n3fac3 (big blind) folded before Flop
Seat 2: FDIBA2009 (button) (small blind) collected (200)



PokerStars Home Game Hand #225869296079: {Club #4781089}  Hold'em No Limit (50/100) - 2021/04/15 22:54:10 EET [2021/04/15 15:54:10 ET]
Table 'VTPP NLHE' 2-max (Play Money) Seat #1 is the button
Seat 1: s70n3fac3 (7997 in chips) 
Seat 2: FDIBA2009 (10684 in chips) 
s70n3fac3: posts small blind 50
FDIBA2009: posts big blind 100
*** HOLE CARDS ***
Dealt to s70n3fac3 [Kd Qc]
s70n3fac3: raises 100 to 200
FDIBA2009: calls 100
*** FLOP *** [Th Js 6d]
FDIBA2009: checks 
s70n3fac3: bets 200
FDIBA2009: calls 200
*** TURN *** [Th Js 6d] [2s]
FDIBA2009: checks 
s70n3fac3: checks 
*** RIVER *** [Th Js 6d 2s] [5h]
FDIBA2009: checks 
s70n3fac3: checks 
*** SHOW DOWN ***
FDIBA2009: shows [9s 9h] (a pair of Nines)
s70n3fac3: mucks hand 
FDIBA2009 collected 756 from pot
*** SUMMARY ***
Total pot 800 | Rake 44 
Board [Th Js 6d 2s 5h]
Seat 1: s70n3fac3 (button) (small blind) mucked [Kd Qc]
Seat 2: FDIBA2009 (big blind) showed [9s 9h] and won (756) with a pair of Nines



PokerStars Home Game Hand #225869308906: {Club #4781089}  Hold'em No Limit (50/100) - 2021/04/15 22:54:30 EET [2021/04/15 15:54:30 ET]
Table 'VTPP NLHE' 2-max (Play Money) Seat #2 is the button
Seat 1: s70n3fac3 (7597 in chips) 
Seat 2: FDIBA2009 (11040 in chips) 
FDIBA2009: posts small blind 50
s70n3fac3: posts big blind 100
*** HOLE CARDS ***
Dealt to s70n3fac3 [Qh Kc]
FDIBA2009: raises 100 to 200
s70n3fac3: raises 200 to 400
FDIBA2009: calls 200
*** FLOP *** [6s Ad As]
s70n3fac3: checks 
FDIBA2009: checks 
*** TURN *** [6s Ad As] [Qs]
s70n3fac3: bets 300
FDIBA2009: folds 
Uncalled bet (300) returned to s70n3fac3
s70n3fac3 collected 756 from pot
s70n3fac3: doesn't show hand 
*** SUMMARY ***
Total pot 800 | Rake 44 
Board [6s Ad As Qs]
Seat 1: s70n3fac3 (big blind) collected (756)
Seat 2: FDIBA2009 (button) (small blind) folded on the Turn



PokerStars Home Game Hand #225869319264: {Club #4781089}  Hold'em No Limit (50/100) - 2021/04/15 22:54:45 EET [2021/04/15 15:54:45 ET]
Table 'VTPP NLHE' 2-max (Play Money) Seat #1 is the button
Seat 1: s70n3fac3 (7953 in chips) 
Seat 2: FDIBA2009 (10640 in chips) 
s70n3fac3: posts small blind 50
FDIBA2009: posts big blind 100
*** HOLE CARDS ***
Dealt to s70n3fac3 [6h 9d]
s70n3fac3: calls 50
FDIBA2009: checks 
*** FLOP *** [Qc 2c 7h]
FDIBA2009: checks 
s70n3fac3: checks 
*** TURN *** [Qc 2c 7h] [Tc]
FDIBA2009: checks 
s70n3fac3: bets 200
FDIBA2009: folds 
Uncalled bet (200) returned to s70n3fac3
s70n3fac3 collected 189 from pot
s70n3fac3: doesn't show hand 
*** SUMMARY ***
Total pot 200 | Rake 11 
Board [Qc 2c 7h Tc]
Seat 1: s70n3fac3 (button) (small blind) collected (189)
Seat 2: FDIBA2009 (big blind) folded on the Turn



PokerStars Home Game Hand #225869329305: {Club #4781089}  Hold'em No Limit (50/100) - 2021/04/15 22:55:00 EET [2021/04/15 15:55:00 ET]
Table 'VTPP NLHE' 2-max (Play Money) Seat #2 is the button
Seat 1: s70n3fac3 (8042 in chips) 
Seat 2: FDIBA2009 (10540 in chips) 
FDIBA2009: posts small blind 50
s70n3fac3: posts big blind 100
*** HOLE CARDS ***
Dealt to s70n3fac3 [Qc 7h]
FDIBA2009: raises 100 to 200
s70n3fac3: calls 100
*** FLOP *** [7d Js 8d]
s70n3fac3: checks 
FDIBA2009: checks 
*** TURN *** [7d Js 8d] [8h]
s70n3fac3: bets 200
FDIBA2009: calls 200
*** RIVER *** [7d Js 8d 8h] [5d]
s70n3fac3: checks 
FDIBA2009: checks 
*** SHOW DOWN ***
s70n3fac3: shows [Qc 7h] (two pair, Eights and Sevens)
FDIBA2009: mucks hand 
s70n3fac3 collected 756 from pot
*** SUMMARY ***
Total pot 800 | Rake 44 
Board [7d Js 8d 8h 5d]
Seat 1: s70n3fac3 (big blind) showed [Qc 7h] and won (756) with two pair, Eights and Sevens
Seat 2: FDIBA2009 (button) (small blind) mucked [Ts Ah]



PokerStars Home Game Hand #225869343051: {Club #4781089}  Hold'em No Limit (50/100) - 2021/04/15 22:55:23 EET [2021/04/15 15:55:23 ET]
Table 'VTPP NLHE' 2-max (Play Money) Seat #1 is the button
Seat 1: s70n3fac3 (8398 in chips) 
Seat 2: FDIBA2009 (10140 in chips) 
s70n3fac3: posts small blind 50
FDIBA2009: posts big blind 100
*** HOLE CARDS ***
Dealt to s70n3fac3 [3s 8s]
s70n3fac3: calls 50
FDIBA2009: raises 200 to 300
s70n3fac3: folds 
Uncalled bet (200) returned to FDIBA2009
FDIBA2009 collected 200 from pot
*** SUMMARY ***
Total pot 200 | Rake 0 
Seat 1: s70n3fac3 (button) (small blind) folded before Flop
Seat 2: FDIBA2009 (big blind) collected (200)



PokerStars Home Game Hand #225869347753: {Club #4781089}  Hold'em No Limit (50/100) - 2021/04/15 22:55:33 EET [2021/04/15 15:55:33 ET]
Table 'VTPP NLHE' 2-max (Play Money) Seat #2 is the button
Seat 1: s70n3fac3 (8298 in chips) 
Seat 2: FDIBA2009 (10240 in chips) 
FDIBA2009: posts small blind 50
s70n3fac3: posts big blind 100
*** HOLE CARDS ***
Dealt to s70n3fac3 [Ad 2c]
FDIBA2009: raises 100 to 200
s70n3fac3: calls 100
*** FLOP *** [Ts 8s 8h]
s70n3fac3: checks 
FDIBA2009: bets 189
s70n3fac3: calls 189
*** TURN *** [Ts 8s 8h] [5h]
s70n3fac3: checks 
FDIBA2009: bets 367
s70n3fac3: folds 
Uncalled bet (367) returned to FDIBA2009
FDIBA2009 collected 735 from pot
*** SUMMARY ***
Total pot 778 | Rake 43 
Board [Ts 8s 8h 5h]
Seat 1: s70n3fac3 (big blind) folded on the Turn
Seat 2: FDIBA2009 (button) (small blind) collected (735)



PokerStars Home Game Hand #225869354982: {Club #4781089}  Hold'em No Limit (50/100) - 2021/04/15 22:55:49 EET [2021/04/15 15:55:49 ET]
Table 'VTPP NLHE' 2-max (Play Money) Seat #1 is the button
Seat 1: s70n3fac3 (7909 in chips) 
Seat 2: FDIBA2009 (10586 in chips) 
s70n3fac3: posts small blind 50
FDIBA2009: posts big blind 100
*** HOLE CARDS ***
Dealt to s70n3fac3 [9d 6c]
s70n3fac3: calls 50
FDIBA2009: checks 
*** FLOP *** [9s Qh 6s]
FDIBA2009: checks 
s70n3fac3: bets 100
FDIBA2009: folds 
Uncalled bet (100) returned to s70n3fac3
s70n3fac3 collected 189 from pot
s70n3fac3: doesn't show hand 
*** SUMMARY ***
Total pot 200 | Rake 11 
Board [9s Qh 6s]
Seat 1: s70n3fac3 (button) (small blind) collected (189)
Seat 2: FDIBA2009 (big blind) folded on the Flop



PokerStars Home Game Hand #225869360458: {Club #4781089}  Hold'em No Limit (50/100) - 2021/04/15 22:56:02 EET [2021/04/15 15:56:02 ET]
Table 'VTPP NLHE' 2-max (Play Money) Seat #2 is the button
Seat 1: s70n3fac3 (7998 in chips) 
Seat 2: FDIBA2009 (10486 in chips) 
FDIBA2009: posts small blind 50
s70n3fac3: posts big blind 100
*** HOLE CARDS ***
Dealt to s70n3fac3 [9h 3d]
FDIBA2009: raises 100 to 200
s70n3fac3: folds 
Uncalled bet (100) returned to FDIBA2009
FDIBA2009 collected 200 from pot
*** SUMMARY ***
Total pot 200 | Rake 0 
Seat 1: s70n3fac3 (big blind) folded before Flop
Seat 2: FDIBA2009 (button) (small blind) collected (200)



PokerStars Home Game Hand #225869362956: {Club #4781089}  Hold'em No Limit (50/100) - 2021/04/15 22:56:07 EET [2021/04/15 15:56:07 ET]
Table 'VTPP NLHE' 2-max (Play Money) Seat #1 is the button
Seat 1: s70n3fac3 (7898 in chips) 
Seat 2: FDIBA2009 (10586 in chips) 
s70n3fac3: posts small blind 50
FDIBA2009: posts big blind 100
*** HOLE CARDS ***
Dealt to s70n3fac3 [Td 4s]
s70n3fac3: folds 
Uncalled bet (50) returned to FDIBA2009
FDIBA2009 collected 100 from pot
*** SUMMARY ***
Total pot 100 | Rake 0 
Seat 1: s70n3fac3 (button) (small blind) folded before Flop
Seat 2: FDIBA2009 (big blind) collected (100)



PokerStars Home Game Hand #225869364785: {Club #4781089}  Hold'em No Limit (50/100) - 2021/04/15 22:56:11 EET [2021/04/15 15:56:11 ET]
Table 'VTPP NLHE' 2-max (Play Money) Seat #2 is the button
Seat 1: s70n3fac3 (7848 in chips) 
Seat 2: FDIBA2009 (10636 in chips) 
FDIBA2009: posts small blind 50
s70n3fac3: posts big blind 100
*** HOLE CARDS ***
Dealt to s70n3fac3 [8h 9d]
FDIBA2009: raises 100 to 200
s70n3fac3: calls 100
*** FLOP *** [Qc Js 3c]
s70n3fac3: checks 
FDIBA2009: bets 189
s70n3fac3: calls 189
*** TURN *** [Qc Js 3c] [2h]
s70n3fac3: checks 
FDIBA2009: checks 
*** RIVER *** [Qc Js 3c 2h] [Tc]
s70n3fac3: bets 300
FDIBA2009: calls 300
*** SHOW DOWN ***
s70n3fac3: shows [8h 9d] (a straight, Eight to Queen)
FDIBA2009: mucks hand 
s70n3fac3 collected 1302 from pot
*** SUMMARY ***
Total pot 1378 | Rake 76 
Board [Qc Js 3c 2h Tc]
Seat 1: s70n3fac3 (big blind) showed [8h 9d] and won (1302) with a straight, Eight to Queen
Seat 2: FDIBA2009 (button) (small blind) mucked [Jh Kc]



PokerStars Home Game Hand #225869374980: {Club #4781089}  Hold'em No Limit (50/100) - 2021/04/15 22:56:34 EET [2021/04/15 15:56:34 ET]
Table 'VTPP NLHE' 2-max (Play Money) Seat #1 is the button
Seat 1: s70n3fac3 (8461 in chips) 
Seat 2: FDIBA2009 (9947 in chips) 
s70n3fac3: posts small blind 50
FDIBA2009: posts big blind 100
*** HOLE CARDS ***
Dealt to s70n3fac3 [7s Th]
s70n3fac3: calls 50
FDIBA2009: raises 100 to 200
s70n3fac3: calls 100
*** FLOP *** [3s Ac 7c]
FDIBA2009: checks 
s70n3fac3: bets 200
FDIBA2009: folds 
Uncalled bet (200) returned to s70n3fac3
s70n3fac3 collected 378 from pot
s70n3fac3: doesn't show hand 
*** SUMMARY ***
Total pot 400 | Rake 22 
Board [3s Ac 7c]
Seat 1: s70n3fac3 (button) (small blind) collected (378)
Seat 2: FDIBA2009 (big blind) folded on the Flop



PokerStars Home Game Hand #225869381646: {Club #4781089}  Hold'em No Limit (50/100) - 2021/04/15 22:56:48 EET [2021/04/15 15:56:48 ET]
Table 'VTPP NLHE' 2-max (Play Money) Seat #2 is the button
Seat 1: s70n3fac3 (8639 in chips) 
Seat 2: FDIBA2009 (9747 in chips) 
FDIBA2009: posts small blind 50
s70n3fac3: posts big blind 100
*** HOLE CARDS ***
Dealt to s70n3fac3 [Jd Qd]
FDIBA2009: raises 100 to 200
s70n3fac3: calls 100
*** FLOP *** [3c Ts 7s]
s70n3fac3: checks 
FDIBA2009: bets 189
s70n3fac3: calls 189
*** TURN *** [3c Ts 7s] [Js]
s70n3fac3: checks 
FDIBA2009: bets 367
s70n3fac3: calls 367
*** RIVER *** [3c Ts 7s Js] [6c]
s70n3fac3: checks 
FDIBA2009: bets 1429
s70n3fac3: folds 
Uncalled bet (1429) returned to FDIBA2009
FDIBA2009 collected 1429 from pot
*** SUMMARY ***
Total pot 1512 | Rake 83 
Board [3c Ts 7s Js 6c]
Seat 1: s70n3fac3 (big blind) folded on the River
Seat 2: FDIBA2009 (button) (small blind) collected (1429)



PokerStars Home Game Hand #225869405052: {Club #4781089}  Hold'em No Limit (50/100) - 2021/04/15 22:57:40 EET [2021/04/15 15:57:40 ET]
Table 'VTPP NLHE' 2-max (Play Money) Seat #1 is the button
Seat 1: s70n3fac3 (7883 in chips) 
Seat 2: FDIBA2009 (10420 in chips) 
s70n3fac3: posts small blind 50
FDIBA2009: posts big blind 100
*** HOLE CARDS ***
Dealt to s70n3fac3 [Jc Qc]
s70n3fac3: raises 100 to 200
FDIBA2009: folds 
Uncalled bet (100) returned to s70n3fac3
s70n3fac3 collected 200 from pot
s70n3fac3: doesn't show hand 
*** SUMMARY ***
Total pot 200 | Rake 0 
Seat 1: s70n3fac3 (button) (small blind) collected (200)
Seat 2: FDIBA2009 (big blind) folded before Flop



PokerStars Home Game Hand #225869407651: {Club #4781089}  Hold'em No Limit (50/100) - 2021/04/15 22:57:45 EET [2021/04/15 15:57:45 ET]
Table 'VTPP NLHE' 2-max (Play Money) Seat #2 is the button
Seat 1: s70n3fac3 (7983 in chips) 
Seat 2: FDIBA2009 (10320 in chips) 
FDIBA2009: posts small blind 50
s70n3fac3: posts big blind 100
*** HOLE CARDS ***
Dealt to s70n3fac3 [Qs Tc]
FDIBA2009: calls 50
s70n3fac3: raises 200 to 300
FDIBA2009: folds 
Uncalled bet (200) returned to s70n3fac3
s70n3fac3 collected 200 from pot
s70n3fac3: doesn't show hand 
*** SUMMARY ***
Total pot 200 | Rake 0 
Seat 1: s70n3fac3 (big blind) collected (200)
Seat 2: FDIBA2009 (button) (small blind) folded before Flop



PokerStars Home Game Hand #225869411672: {Club #4781089}  Hold'em No Limit (50/100) - 2021/04/15 22:57:54 EET [2021/04/15 15:57:54 ET]
Table 'VTPP NLHE' 2-max (Play Money) Seat #1 is the button
Seat 1: s70n3fac3 (8083 in chips) 
Seat 2: FDIBA2009 (10220 in chips) 
s70n3fac3: posts small blind 50
FDIBA2009: posts big blind 100
*** HOLE CARDS ***
Dealt to s70n3fac3 [Jd Ts]
s70n3fac3: raises 100 to 200
FDIBA2009: calls 100
*** FLOP *** [7d 3s 2d]
FDIBA2009: checks 
s70n3fac3: checks 
*** TURN *** [7d 3s 2d] [6h]
FDIBA2009: checks 
s70n3fac3: bets 200
FDIBA2009: folds 
Uncalled bet (200) returned to s70n3fac3
s70n3fac3 collected 378 from pot
s70n3fac3: doesn't show hand 
*** SUMMARY ***
Total pot 400 | Rake 22 
Board [7d 3s 2d 6h]
Seat 1: s70n3fac3 (button) (small blind) collected (378)
Seat 2: FDIBA2009 (big blind) folded on the Turn



PokerStars Home Game Hand #225869424339: {Club #4781089}  Hold'em No Limit (50/100) - 2021/04/15 22:58:22 EET [2021/04/15 15:58:22 ET]
Table 'VTPP NLHE' 2-max (Play Money) Seat #2 is the button
Seat 1: s70n3fac3 (8261 in chips) 
Seat 2: FDIBA2009 (10020 in chips) 
FDIBA2009: posts small blind 50
s70n3fac3: posts big blind 100
*** HOLE CARDS ***
Dealt to s70n3fac3 [6d 5h]
FDIBA2009: raises 100 to 200
s70n3fac3: calls 100
*** FLOP *** [4h 6c Jd]
s70n3fac3: checks 
FDIBA2009: bets 189
s70n3fac3: calls 189
*** TURN *** [4h 6c Jd] [5d]
s70n3fac3: checks 
FDIBA2009: checks 
*** RIVER *** [4h 6c Jd 5d] [Ac]
s70n3fac3: bets 400
FDIBA2009: folds 
Uncalled bet (400) returned to s70n3fac3
s70n3fac3 collected 735 from pot
s70n3fac3: doesn't show hand 
*** SUMMARY ***
Total pot 778 | Rake 43 
Board [4h 6c Jd 5d Ac]
Seat 1: s70n3fac3 (big blind) collected (735)
Seat 2: FDIBA2009 (button) (small blind) folded on the River



PokerStars Home Game Hand #225869433058: {Club #4781089}  Hold'em No Limit (50/100) - 2021/04/15 22:58:40 EET [2021/04/15 15:58:40 ET]
Table 'VTPP NLHE' 2-max (Play Money) Seat #1 is the button
Seat 1: s70n3fac3 (8607 in chips) 
Seat 2: FDIBA2009 (9631 in chips) 
s70n3fac3: posts small blind 50
FDIBA2009: posts big blind 100
*** HOLE CARDS ***
Dealt to s70n3fac3 [6c 2c]
s70n3fac3: calls 50
FDIBA2009: checks 
*** FLOP *** [5d Td Ad]
FDIBA2009: checks 
s70n3fac3: checks 
*** TURN *** [5d Td Ad] [Jh]
FDIBA2009: bets 100
s70n3fac3: folds 
Uncalled bet (100) returned to FDIBA2009
FDIBA2009 collected 189 from pot
*** SUMMARY ***
Total pot 200 | Rake 11 
Board [5d Td Ad Jh]
Seat 1: s70n3fac3 (button) (small blind) folded on the Turn
Seat 2: FDIBA2009 (big blind) collected (189)



PokerStars Home Game Hand #225869438221: {Club #4781089}  Hold'em No Limit (50/100) - 2021/04/15 22:58:52 EET [2021/04/15 15:58:52 ET]
Table 'VTPP NLHE' 2-max (Play Money) Seat #2 is the button
Seat 1: s70n3fac3 (8507 in chips) 
Seat 2: FDIBA2009 (9720 in chips) 
FDIBA2009: posts small blind 50
s70n3fac3: posts big blind 100
*** HOLE CARDS ***
Dealt to s70n3fac3 [Kd Qc]
FDIBA2009: raises 100 to 200
s70n3fac3: calls 100
*** FLOP *** [7h Ah Jd]
s70n3fac3: checks 
FDIBA2009: bets 189
s70n3fac3: calls 189
*** TURN *** [7h Ah Jd] [6d]
s70n3fac3: checks 
FDIBA2009: bets 367
s70n3fac3: folds 
Uncalled bet (367) returned to FDIBA2009
FDIBA2009 collected 735 from pot
*** SUMMARY ***
Total pot 778 | Rake 43 
Board [7h Ah Jd 6d]
Seat 1: s70n3fac3 (big blind) folded on the Turn
Seat 2: FDIBA2009 (button) (small blind) collected (735)



PokerStars Home Game Hand #225869446153: {Club #4781089}  Hold'em No Limit (50/100) - 2021/04/15 22:59:09 EET [2021/04/15 15:59:09 ET]
Table 'VTPP NLHE' 2-max (Play Money) Seat #1 is the button
Seat 1: s70n3fac3 (8118 in chips) 
Seat 2: FDIBA2009 (10066 in chips) 
s70n3fac3: posts small blind 50
FDIBA2009: posts big blind 100
*** HOLE CARDS ***
Dealt to s70n3fac3 [Ad 3c]
s70n3fac3: raises 100 to 200
FDIBA2009: calls 100
*** FLOP *** [Js 3h 4h]
FDIBA2009: checks 
s70n3fac3: bets 200
FDIBA2009: folds 
Uncalled bet (200) returned to s70n3fac3
s70n3fac3 collected 378 from pot
s70n3fac3: doesn't show hand 
*** SUMMARY ***
Total pot 400 | Rake 22 
Board [Js 3h 4h]
Seat 1: s70n3fac3 (button) (small blind) collected (378)
Seat 2: FDIBA2009 (big blind) folded on the Flop



PokerStars Home Game Hand #225869450489: {Club #4781089}  Hold'em No Limit (50/100) - 2021/04/15 22:59:18 EET [2021/04/15 15:59:18 ET]
Table 'VTPP NLHE' 2-max (Play Money) Seat #2 is the button
Seat 1: s70n3fac3 (8296 in chips) 
Seat 2: FDIBA2009 (9866 in chips) 
FDIBA2009: posts small blind 50
s70n3fac3: posts big blind 100
*** HOLE CARDS ***
Dealt to s70n3fac3 [8d Qd]
FDIBA2009: raises 100 to 200
s70n3fac3: calls 100
*** FLOP *** [9d Ks As]
s70n3fac3: checks 
FDIBA2009: bets 378
s70n3fac3: folds 
Uncalled bet (378) returned to FDIBA2009
FDIBA2009 collected 378 from pot
*** SUMMARY ***
Total pot 400 | Rake 22 
Board [9d Ks As]
Seat 1: s70n3fac3 (big blind) folded on the Flop
Seat 2: FDIBA2009 (button) (small blind) collected (378)



PokerStars Home Game Hand #225869456010: {Club #4781089}  Hold'em No Limit (50/100) - 2021/04/15 22:59:30 EET [2021/04/15 15:59:30 ET]
Table 'VTPP NLHE' 2-max (Play Money) Seat #1 is the button
Seat 1: s70n3fac3 (8096 in chips) 
Seat 2: FDIBA2009 (10044 in chips) 
s70n3fac3: posts small blind 50
FDIBA2009: posts big blind 100
*** HOLE CARDS ***
Dealt to s70n3fac3 [8h 7h]
s70n3fac3: calls 50
FDIBA2009: raises 200 to 300
s70n3fac3: calls 200
*** FLOP *** [9d Qh 2c]
FDIBA2009: checks 
s70n3fac3: checks 
*** TURN *** [9d Qh 2c] [8d]
FDIBA2009: checks 
s70n3fac3: bets 250
FDIBA2009: calls 250
*** RIVER *** [9d Qh 2c 8d] [5h]
FDIBA2009: checks 
s70n3fac3: bets 255
FDIBA2009: calls 255
*** SHOW DOWN ***
s70n3fac3: shows [8h 7h] (a pair of Eights)
FDIBA2009: shows [Jh 8s] (a pair of Eights - Queen+Jack kicker)
FDIBA2009 collected 1521 from pot
*** SUMMARY ***
Total pot 1610 | Rake 89 
Board [9d Qh 2c 8d 5h]
Seat 1: s70n3fac3 (button) (small blind) showed [8h 7h] and lost with a pair of Eights
Seat 2: FDIBA2009 (big blind) showed [Jh 8s] and won (1521) with a pair of Eights



PokerStars Home Game Hand #225869471899: {Club #4781089}  Hold'em No Limit (50/100) - 2021/04/15 23:00:05 EET [2021/04/15 16:00:05 ET]
Table 'VTPP NLHE' 2-max (Play Money) Seat #2 is the button
Seat 1: s70n3fac3 (7291 in chips) 
Seat 2: FDIBA2009 (10760 in chips) 
FDIBA2009: posts small blind 50
s70n3fac3: posts big blind 100
*** HOLE CARDS ***
Dealt to s70n3fac3 [Kh 8s]
FDIBA2009: raises 100 to 200
s70n3fac3: calls 100
*** FLOP *** [8c Tc Jd]
s70n3fac3: checks 
FDIBA2009: bets 378
s70n3fac3: folds 
Uncalled bet (378) returned to FDIBA2009
FDIBA2009 collected 378 from pot
*** SUMMARY ***
Total pot 400 | Rake 22 
Board [8c Tc Jd]
Seat 1: s70n3fac3 (big blind) folded on the Flop
Seat 2: FDIBA2009 (button) (small blind) collected (378)



PokerStars Home Game Hand #225869481922: {Club #4781089}  Hold'em No Limit (50/100) - 2021/04/15 23:00:25 EET [2021/04/15 16:00:25 ET]
Table 'VTPP NLHE' 2-max (Play Money) Seat #1 is the button
Seat 1: s70n3fac3 (7091 in chips) 
Seat 2: FDIBA2009 (10938 in chips) 
s70n3fac3: posts small blind 50
FDIBA2009: posts big blind 100
*** HOLE CARDS ***
Dealt to s70n3fac3 [5d Jh]
s70n3fac3: folds 
Uncalled bet (50) returned to FDIBA2009
FDIBA2009 collected 100 from pot
*** SUMMARY ***
Total pot 100 | Rake 0 
Seat 1: s70n3fac3 (button) (small blind) folded before Flop
Seat 2: FDIBA2009 (big blind) collected (100)



PokerStars Home Game Hand #225869483919: {Club #4781089}  Hold'em No Limit (50/100) - 2021/04/15 23:00:29 EET [2021/04/15 16:00:29 ET]
Table 'VTPP NLHE' 2-max (Play Money) Seat #2 is the button
Seat 1: s70n3fac3 (7041 in chips) 
Seat 2: FDIBA2009 (10988 in chips) 
FDIBA2009: posts small blind 50
s70n3fac3: posts big blind 100
*** HOLE CARDS ***
Dealt to s70n3fac3 [7s Qh]
FDIBA2009: raises 100 to 200
s70n3fac3: calls 100
*** FLOP *** [Ks Qd 6s]
s70n3fac3: checks 
FDIBA2009: bets 189
s70n3fac3: calls 189
*** TURN *** [Ks Qd 6s] [5h]
s70n3fac3: checks 
FDIBA2009: bets 367
s70n3fac3: calls 367
*** RIVER *** [Ks Qd 6s 5h] [3c]
s70n3fac3: checks 
FDIBA2009: bets 1429
s70n3fac3: calls 1429
*** SHOW DOWN ***
FDIBA2009: shows [5s 3s] (two pair, Fives and Threes)
s70n3fac3: mucks hand 
FDIBA2009 collected 4130 from pot
*** SUMMARY ***
Total pot 4370 | Rake 240 
Board [Ks Qd 6s 5h 3c]
Seat 1: s70n3fac3 (big blind) mucked [7s Qh]
Seat 2: FDIBA2009 (button) (small blind) showed [5s 3s] and won (4130) with two pair, Fives and Threes



PokerStars Home Game Hand #225869500855: {Club #4781089}  Hold'em No Limit (50/100) - 2021/04/15 23:01:02 EET [2021/04/15 16:01:02 ET]
Table 'VTPP NLHE' 2-max (Play Money) Seat #1 is the button
Seat 1: s70n3fac3 (4856 in chips) 
Seat 2: FDIBA2009 (12933 in chips) 
s70n3fac3: posts small blind 50
FDIBA2009: posts big blind 100
*** HOLE CARDS ***
Dealt to s70n3fac3 [3d 9d]
s70n3fac3: folds 
Uncalled bet (50) returned to FDIBA2009
FDIBA2009 collected 100 from pot
*** SUMMARY ***
Total pot 100 | Rake 0 
Seat 1: s70n3fac3 (button) (small blind) folded before Flop
Seat 2: FDIBA2009 (big blind) collected (100)



PokerStars Home Game Hand #225869503993: {Club #4781089}  Hold'em No Limit (50/100) - 2021/04/15 23:01:08 EET [2021/04/15 16:01:08 ET]
Table 'VTPP NLHE' 2-max (Play Money) Seat #2 is the button
Seat 1: s70n3fac3 (4806 in chips) 
Seat 2: FDIBA2009 (12983 in chips) 
FDIBA2009: posts small blind 50
s70n3fac3: posts big blind 100
*** HOLE CARDS ***
Dealt to s70n3fac3 [2d 7s]
FDIBA2009: calls 50
s70n3fac3: checks 
*** FLOP *** [Td 9h 3c]
s70n3fac3: checks 
FDIBA2009: checks 
*** TURN *** [Td 9h 3c] [8c]
s70n3fac3: checks 
FDIBA2009: bets 100
s70n3fac3: calls 100
*** RIVER *** [Td 9h 3c 8c] [9d]
s70n3fac3: checks 
FDIBA2009: bets 100
s70n3fac3: folds 
Uncalled bet (100) returned to FDIBA2009
FDIBA2009 collected 378 from pot
*** SUMMARY ***
Total pot 400 | Rake 22 
Board [Td 9h 3c 8c 9d]
Seat 1: s70n3fac3 (big blind) folded on the River
Seat 2: FDIBA2009 (button) (small blind) collected (378)



PokerStars Home Game Hand #225869518872: {Club #4781089}  Hold'em No Limit (50/100) - 2021/04/15 23:01:34 EET [2021/04/15 16:01:34 ET]
Table 'VTPP NLHE' 2-max (Play Money) Seat #1 is the button
Seat 1: s70n3fac3 (4606 in chips) 
Seat 2: FDIBA2009 (13161 in chips) 
s70n3fac3: posts small blind 50
FDIBA2009: posts big blind 100
*** HOLE CARDS ***
Dealt to s70n3fac3 [3c 7s]
s70n3fac3: folds 
Uncalled bet (50) returned to FDIBA2009
FDIBA2009 collected 100 from pot
*** SUMMARY ***
Total pot 100 | Rake 0 
Seat 1: s70n3fac3 (button) (small blind) folded before Flop
Seat 2: FDIBA2009 (big blind) collected (100)



PokerStars Home Game Hand #225869521020: {Club #4781089}  Hold'em No Limit (50/100) - 2021/04/15 23:01:37 EET [2021/04/15 16:01:37 ET]
Table 'VTPP NLHE' 2-max (Play Money) Seat #2 is the button
Seat 1: s70n3fac3 (4556 in chips) 
Seat 2: FDIBA2009 (13211 in chips) 
FDIBA2009: posts small blind 50
s70n3fac3: posts big blind 100
*** HOLE CARDS ***
Dealt to s70n3fac3 [Qs 9h]
FDIBA2009: folds 
Uncalled bet (50) returned to s70n3fac3
s70n3fac3 collected 100 from pot
s70n3fac3: doesn't show hand 
*** SUMMARY ***
Total pot 100 | Rake 0 
Seat 1: s70n3fac3 (big blind) collected (100)
Seat 2: FDIBA2009 (button) (small blind) folded before Flop



PokerStars Home Game Hand #225869523778: {Club #4781089}  Hold'em No Limit (50/100) - 2021/04/15 23:01:42 EET [2021/04/15 16:01:42 ET]
Table 'VTPP NLHE' 2-max (Play Money) Seat #1 is the button
Seat 1: s70n3fac3 (4606 in chips) 
Seat 2: FDIBA2009 (13161 in chips) 
s70n3fac3: posts small blind 50
FDIBA2009: posts big blind 100
*** HOLE CARDS ***
Dealt to s70n3fac3 [6c 7d]
s70n3fac3: calls 50
FDIBA2009: checks 
*** FLOP *** [Td 2d Kc]
FDIBA2009: checks 
s70n3fac3: checks 
*** TURN *** [Td 2d Kc] [5h]
FDIBA2009: bets 100
s70n3fac3: folds 
Uncalled bet (100) returned to FDIBA2009
FDIBA2009 collected 189 from pot
*** SUMMARY ***
Total pot 200 | Rake 11 
Board [Td 2d Kc 5h]
Seat 1: s70n3fac3 (button) (small blind) folded on the Turn
Seat 2: FDIBA2009 (big blind) collected (189)



PokerStars Home Game Hand #225869532164: {Club #4781089}  Hold'em No Limit (50/100) - 2021/04/15 23:01:57 EET [2021/04/15 16:01:57 ET]
Table 'VTPP NLHE' 2-max (Play Money) Seat #2 is the button
Seat 1: s70n3fac3 (4506 in chips) 
Seat 2: FDIBA2009 (13250 in chips) 
FDIBA2009: posts small blind 50
s70n3fac3: posts big blind 100
*** HOLE CARDS ***
Dealt to s70n3fac3 [Ah 5d]
FDIBA2009: raises 100 to 200
s70n3fac3: raises 300 to 500
FDIBA2009: folds 
Uncalled bet (300) returned to s70n3fac3
s70n3fac3 collected 400 from pot
s70n3fac3: doesn't show hand 
*** SUMMARY ***
Total pot 400 | Rake 0 
Seat 1: s70n3fac3 (big blind) collected (400)
Seat 2: FDIBA2009 (button) (small blind) folded before Flop



PokerStars Home Game Hand #225869538470: {Club #4781089}  Hold'em No Limit (50/100) - 2021/04/15 23:02:06 EET [2021/04/15 16:02:06 ET]
Table 'VTPP NLHE' 2-max (Play Money) Seat #1 is the button
Seat 1: s70n3fac3 (4706 in chips) 
Seat 2: FDIBA2009 (13050 in chips) 
s70n3fac3: posts small blind 50
FDIBA2009: posts big blind 100
*** HOLE CARDS ***
Dealt to s70n3fac3 [Jh 9s]
s70n3fac3: raises 100 to 200
FDIBA2009: calls 100
*** FLOP *** [6h Ts 2s]
FDIBA2009: checks 
s70n3fac3: bets 200
FDIBA2009: calls 200
*** TURN *** [6h Ts 2s] [2c]
FDIBA2009: checks 
s70n3fac3: checks 
*** RIVER *** [6h Ts 2s 2c] [6d]
FDIBA2009: bets 378
s70n3fac3: raises 722 to 1100
FDIBA2009: calls 722
*** SHOW DOWN ***
s70n3fac3: shows [Jh 9s] (two pair, Sixes and Deuces)
FDIBA2009: shows [2d Kh] (a full house, Deuces full of Sixes)
FDIBA2009 collected 2835 from pot
*** SUMMARY ***
Total pot 3000 | Rake 165 
Board [6h Ts 2s 2c 6d]
Seat 1: s70n3fac3 (button) (small blind) showed [Jh 9s] and lost with two pair, Sixes and Deuces
Seat 2: FDIBA2009 (big blind) showed [2d Kh] and won (2835) with a full house, Deuces full of Sixes



PokerStars Home Game Hand #225869558086: {Club #4781089}  Hold'em No Limit (50/100) - 2021/04/15 23:02:36 EET [2021/04/15 16:02:36 ET]
Table 'VTPP NLHE' 2-max (Play Money) Seat #2 is the button
Seat 1: s70n3fac3 (3206 in chips) 
Seat 2: FDIBA2009 (14385 in chips) 
FDIBA2009: posts small blind 50
s70n3fac3: posts big blind 100
*** HOLE CARDS ***
Dealt to s70n3fac3 [Td 5h]
FDIBA2009: calls 50
s70n3fac3: checks 
*** FLOP *** [7c 6h Qh]
s70n3fac3: checks 
FDIBA2009: bets 189
s70n3fac3: folds 
Uncalled bet (189) returned to FDIBA2009
FDIBA2009 collected 189 from pot
*** SUMMARY ***
Total pot 200 | Rake 11 
Board [7c 6h Qh]
Seat 1: s70n3fac3 (big blind) folded on the Flop
Seat 2: FDIBA2009 (button) (small blind) collected (189)



PokerStars Home Game Hand #225869567547: {Club #4781089}  Hold'em No Limit (50/100) - 2021/04/15 23:02:51 EET [2021/04/15 16:02:51 ET]
Table 'VTPP NLHE' 2-max (Play Money) Seat #1 is the button
Seat 1: s70n3fac3 (3106 in chips) 
Seat 2: FDIBA2009 (14474 in chips) 
s70n3fac3: posts small blind 50
FDIBA2009: posts big blind 100
*** HOLE CARDS ***
Dealt to s70n3fac3 [3c Ts]
s70n3fac3: folds 
Uncalled bet (50) returned to FDIBA2009
FDIBA2009 collected 100 from pot
*** SUMMARY ***
Total pot 100 | Rake 0 
Seat 1: s70n3fac3 (button) (small blind) folded before Flop
Seat 2: FDIBA2009 (big blind) collected (100)



PokerStars Home Game Hand #225869572616: {Club #4781089}  Hold'em No Limit (50/100) - 2021/04/15 23:02:55 EET [2021/04/15 16:02:55 ET]
Table 'VTPP NLHE' 2-max (Play Money) Seat #2 is the button
Seat 1: s70n3fac3 (3056 in chips) 
Seat 2: FDIBA2009 (14524 in chips) 
FDIBA2009: posts small blind 50
s70n3fac3: posts big blind 100
*** HOLE CARDS ***
Dealt to s70n3fac3 [Ah 9h]
FDIBA2009: raises 100 to 200
s70n3fac3: raises 200 to 400
FDIBA2009: folds 
Uncalled bet (200) returned to s70n3fac3
s70n3fac3 collected 400 from pot
s70n3fac3: doesn't show hand 
*** SUMMARY ***
Total pot 400 | Rake 0 
Seat 1: s70n3fac3 (big blind) collected (400)
Seat 2: FDIBA2009 (button) (small blind) folded before Flop



PokerStars Home Game Hand #225869577623: {Club #4781089}  Hold'em No Limit (50/100) - 2021/04/15 23:03:03 EET [2021/04/15 16:03:03 ET]
Table 'VTPP NLHE' 2-max (Play Money) Seat #1 is the button
Seat 1: s70n3fac3 (3256 in chips) 
Seat 2: FDIBA2009 (14324 in chips) 
s70n3fac3: posts small blind 50
FDIBA2009: posts big blind 100
*** HOLE CARDS ***
Dealt to s70n3fac3 [4c Jh]
s70n3fac3: folds 
Uncalled bet (50) returned to FDIBA2009
FDIBA2009 collected 100 from pot
*** SUMMARY ***
Total pot 100 | Rake 0 
Seat 1: s70n3fac3 (button) (small blind) folded before Flop
Seat 2: FDIBA2009 (big blind) collected (100)



PokerStars Home Game Hand #225869579938: {Club #4781089}  Hold'em No Limit (50/100) - 2021/04/15 23:03:07 EET [2021/04/15 16:03:07 ET]
Table 'VTPP NLHE' 2-max (Play Money) Seat #2 is the button
Seat 1: s70n3fac3 (3206 in chips) 
Seat 2: FDIBA2009 (14374 in chips) 
FDIBA2009: posts small blind 50
s70n3fac3: posts big blind 100
*** HOLE CARDS ***
Dealt to s70n3fac3 [Jh 9h]
FDIBA2009: folds 
Uncalled bet (50) returned to s70n3fac3
s70n3fac3 collected 100 from pot
s70n3fac3: doesn't show hand 
*** SUMMARY ***
Total pot 100 | Rake 0 
Seat 1: s70n3fac3 (big blind) collected (100)
Seat 2: FDIBA2009 (button) (small blind) folded before Flop



PokerStars Home Game Hand #225869582755: {Club #4781089}  Hold'em No Limit (50/100) - 2021/04/15 23:03:11 EET [2021/04/15 16:03:11 ET]
Table 'VTPP NLHE' 2-max (Play Money) Seat #1 is the button
Seat 1: s70n3fac3 (3256 in chips) 
Seat 2: FDIBA2009 (14324 in chips) 
s70n3fac3: posts small blind 50
FDIBA2009: posts big blind 100
*** HOLE CARDS ***
Dealt to s70n3fac3 [5h 7d]
s70n3fac3: calls 50
FDIBA2009: checks 
*** FLOP *** [2c 3s 6c]
FDIBA2009: checks 
s70n3fac3: checks 
*** TURN *** [2c 3s 6c] [6h]
FDIBA2009: bets 100
s70n3fac3: calls 100
*** RIVER *** [2c 3s 6c 6h] [6s]
FDIBA2009: checks 
s70n3fac3: checks 
*** SHOW DOWN ***
FDIBA2009: shows [7h 3h] (a full house, Sixes full of Threes)
s70n3fac3: mucks hand 
FDIBA2009 collected 378 from pot
*** SUMMARY ***
Total pot 400 | Rake 22 
Board [2c 3s 6c 6h 6s]
Seat 1: s70n3fac3 (button) (small blind) mucked [5h 7d]
Seat 2: FDIBA2009 (big blind) showed [7h 3h] and won (378) with a full house, Sixes full of Threes



PokerStars Home Game Hand #225869596495: {Club #4781089}  Hold'em No Limit (50/100) - 2021/04/15 23:03:31 EET [2021/04/15 16:03:31 ET]
Table 'VTPP NLHE' 2-max (Play Money) Seat #2 is the button
Seat 1: s70n3fac3 (3056 in chips) 
Seat 2: FDIBA2009 (14502 in chips) 
FDIBA2009: posts small blind 50
s70n3fac3: posts big blind 100
*** HOLE CARDS ***
Dealt to s70n3fac3 [7s Ks]
FDIBA2009: raises 100 to 200
s70n3fac3: calls 100
*** FLOP *** [5d 6d Qc]
s70n3fac3: checks 
FDIBA2009: bets 189
s70n3fac3: folds 
Uncalled bet (189) returned to FDIBA2009
FDIBA2009 collected 378 from pot
*** SUMMARY ***
Total pot 400 | Rake 22 
Board [5d 6d Qc]
Seat 1: s70n3fac3 (big blind) folded on the Flop
Seat 2: FDIBA2009 (button) (small blind) collected (378)



PokerStars Home Game Hand #225869609906: {Club #4781089}  Hold'em No Limit (50/100) - 2021/04/15 23:03:51 EET [2021/04/15 16:03:51 ET]
Table 'VTPP NLHE' 2-max (Play Money) Seat #1 is the button
Seat 1: s70n3fac3 (2856 in chips) 
Seat 2: FDIBA2009 (14680 in chips) 
s70n3fac3: posts small blind 50
FDIBA2009: posts big blind 100
*** HOLE CARDS ***
Dealt to s70n3fac3 [7d 4d]
s70n3fac3: calls 50
FDIBA2009: checks 
*** FLOP *** [Qc 5c Qs]
FDIBA2009: checks 
s70n3fac3: checks 
*** TURN *** [Qc 5c Qs] [6h]
FDIBA2009: checks 
s70n3fac3: checks 
*** RIVER *** [Qc 5c Qs 6h] [As]
FDIBA2009: checks 
s70n3fac3: checks 
*** SHOW DOWN ***
FDIBA2009: shows [2s Js] (a pair of Queens)
s70n3fac3: mucks hand 
FDIBA2009 collected 189 from pot
*** SUMMARY ***
Total pot 200 | Rake 11 
Board [Qc 5c Qs 6h As]
Seat 1: s70n3fac3 (button) (small blind) mucked [7d 4d]
Seat 2: FDIBA2009 (big blind) showed [2s Js] and won (189) with a pair of Queens



PokerStars Home Game Hand #225869620579: {Club #4781089}  Hold'em No Limit (50/100) - 2021/04/15 23:04:06 EET [2021/04/15 16:04:06 ET]
Table 'VTPP NLHE' 2-max (Play Money) Seat #2 is the button
Seat 1: s70n3fac3 (2756 in chips) 
Seat 2: FDIBA2009 (14769 in chips) 
FDIBA2009: posts small blind 50
s70n3fac3: posts big blind 100
*** HOLE CARDS ***
Dealt to s70n3fac3 [7h As]
FDIBA2009: raises 100 to 200
s70n3fac3: calls 100
*** FLOP *** [6d 3s Kh]
s70n3fac3: checks 
FDIBA2009: bets 189
s70n3fac3: calls 189
*** TURN *** [6d 3s Kh] [Ks]
s70n3fac3: checks 
FDIBA2009: checks 
*** RIVER *** [6d 3s Kh Ks] [3d]
s70n3fac3: checks 
FDIBA2009: checks 
*** SHOW DOWN ***
s70n3fac3: shows [7h As] (two pair, Kings and Threes)
FDIBA2009: mucks hand 
s70n3fac3 collected 735 from pot
*** SUMMARY ***
Total pot 778 | Rake 43 
Board [6d 3s Kh Ks 3d]
Seat 1: s70n3fac3 (big blind) showed [7h As] and won (735) with two pair, Kings and Threes
Seat 2: FDIBA2009 (button) (small blind) mucked [8s Tc]



PokerStars Home Game Hand #225869631663: {Club #4781089}  Hold'em No Limit (50/100) - 2021/04/15 23:04:23 EET [2021/04/15 16:04:23 ET]
Table 'VTPP NLHE' 2-max (Play Money) Seat #1 is the button
Seat 1: s70n3fac3 (3102 in chips) 
Seat 2: FDIBA2009 (14380 in chips) 
s70n3fac3: posts small blind 50
FDIBA2009: posts big blind 100
*** HOLE CARDS ***
Dealt to s70n3fac3 [6s 6c]
s70n3fac3: calls 50
FDIBA2009: raises 200 to 300
s70n3fac3: calls 200
*** FLOP *** [Ah 2h Ad]
FDIBA2009: bets 283
s70n3fac3: raises 617 to 900
FDIBA2009: raises 13180 to 14080 and is all-in
s70n3fac3: calls 1902 and is all-in
Uncalled bet (11278) returned to FDIBA2009
*** TURN *** [Ah 2h Ad] [5d]
*** RIVER *** [Ah 2h Ad 5d] [2s]
*** SHOW DOWN ***
FDIBA2009: shows [4h As] (a full house, Aces full of Deuces)
s70n3fac3: shows [6s 6c] (two pair, Aces and Sixes)
FDIBA2009 collected 5863 from pot
*** SUMMARY ***
Total pot 6204 | Rake 341 
Board [Ah 2h Ad 5d 2s]
Seat 1: s70n3fac3 (button) (small blind) showed [6s 6c] and lost with two pair, Aces and Sixes
Seat 2: FDIBA2009 (big blind) showed [4h As] and won (5863) with a full house, Aces full of Deuces



PokerStars Home Game Hand #225869671574: {Club #4781089}  Hold'em No Limit (50/100) - 2021/04/15 23:05:21 EET [2021/04/15 16:05:21 ET]
Table 'VTPP NLHE' 2-max (Play Money) Seat #2 is the button
Seat 1: s70n3fac3 (10000 in chips) 
Seat 2: FDIBA2009 (17141 in chips) 
FDIBA2009: posts small blind 50
s70n3fac3: posts big blind 100
*** HOLE CARDS ***
Dealt to s70n3fac3 [Ts 7h]
FDIBA2009: raises 100 to 200
s70n3fac3: calls 100
*** FLOP *** [Js 3d Td]
s70n3fac3: checks 
FDIBA2009: checks 
*** TURN *** [Js 3d Td] [Qc]
s70n3fac3: checks 
FDIBA2009: checks 
*** RIVER *** [Js 3d Td Qc] [4s]
s70n3fac3: bets 200
FDIBA2009: calls 200
*** SHOW DOWN ***
s70n3fac3: shows [Ts 7h] (a pair of Tens)
FDIBA2009: mucks hand 
s70n3fac3 collected 756 from pot
*** SUMMARY ***
Total pot 800 | Rake 44 
Board [Js 3d Td Qc 4s]
Seat 1: s70n3fac3 (big blind) showed [Ts 7h] and won (756) with a pair of Tens
Seat 2: FDIBA2009 (button) (small blind) mucked [9s 3s]



PokerStars Home Game Hand #225869689558: {Club #4781089}  Hold'em No Limit (50/100) - 2021/04/15 23:05:48 EET [2021/04/15 16:05:48 ET]
Table 'VTPP NLHE' 2-max (Play Money) Seat #1 is the button
Seat 1: s70n3fac3 (10356 in chips) 
Seat 2: FDIBA2009 (16741 in chips) 
s70n3fac3: posts small blind 50
FDIBA2009: posts big blind 100
*** HOLE CARDS ***
Dealt to s70n3fac3 [Ah 9c]
s70n3fac3: raises 100 to 200
FDIBA2009: folds 
Uncalled bet (100) returned to s70n3fac3
s70n3fac3 collected 200 from pot
s70n3fac3: doesn't show hand 
*** SUMMARY ***
Total pot 200 | Rake 0 
Seat 1: s70n3fac3 (button) (small blind) collected (200)
Seat 2: FDIBA2009 (big blind) folded before Flop



PokerStars Home Game Hand #225869692742: {Club #4781089}  Hold'em No Limit (50/100) - 2021/04/15 23:05:53 EET [2021/04/15 16:05:53 ET]
Table 'VTPP NLHE' 2-max (Play Money) Seat #2 is the button
Seat 1: s70n3fac3 (10456 in chips) 
Seat 2: FDIBA2009 (16641 in chips) 
FDIBA2009: posts small blind 50
s70n3fac3: posts big blind 100
*** HOLE CARDS ***
Dealt to s70n3fac3 [2c 7d]
FDIBA2009: raises 100 to 200
s70n3fac3: folds 
Uncalled bet (100) returned to FDIBA2009
FDIBA2009 collected 200 from pot
*** SUMMARY ***
Total pot 200 | Rake 0 
Seat 1: s70n3fac3 (big blind) folded before Flop
Seat 2: FDIBA2009 (button) (small blind) collected (200)



PokerStars Home Game Hand #225869696851: {Club #4781089}  Hold'em No Limit (50/100) - 2021/04/15 23:05:58 EET [2021/04/15 16:05:58 ET]
Table 'VTPP NLHE' 2-max (Play Money) Seat #1 is the button
Seat 1: s70n3fac3 (10356 in chips) 
Seat 2: FDIBA2009 (16741 in chips) 
s70n3fac3: posts small blind 50
FDIBA2009: posts big blind 100
*** HOLE CARDS ***
Dealt to s70n3fac3 [7c Qc]
s70n3fac3: calls 50
FDIBA2009: checks 
*** FLOP *** [Jc 7h Jh]
FDIBA2009: checks 
s70n3fac3: bets 200
FDIBA2009: folds 
Uncalled bet (200) returned to s70n3fac3
s70n3fac3 collected 189 from pot
s70n3fac3: doesn't show hand 
*** SUMMARY ***
Total pot 200 | Rake 11 
Board [Jc 7h Jh]
Seat 1: s70n3fac3 (button) (small blind) collected (189)
Seat 2: FDIBA2009 (big blind) folded on the Flop



PokerStars Home Game Hand #225869707076: {Club #4781089}  Hold'em No Limit (50/100) - 2021/04/15 23:06:13 EET [2021/04/15 16:06:13 ET]
Table 'VTPP NLHE' 2-max (Play Money) Seat #2 is the button
Seat 1: s70n3fac3 (10445 in chips) 
Seat 2: FDIBA2009 (16641 in chips) 
FDIBA2009: posts small blind 50
s70n3fac3: posts big blind 100
*** HOLE CARDS ***
Dealt to s70n3fac3 [Tc Td]
FDIBA2009: raises 100 to 200
s70n3fac3: raises 300 to 500
FDIBA2009: folds 
Uncalled bet (300) returned to s70n3fac3
s70n3fac3 collected 400 from pot
s70n3fac3: doesn't show hand 
*** SUMMARY ***
Total pot 400 | Rake 0 
Seat 1: s70n3fac3 (big blind) collected (400)
Seat 2: FDIBA2009 (button) (small blind) folded before Flop



PokerStars Home Game Hand #225869714931: {Club #4781089}  Hold'em No Limit (50/100) - 2021/04/15 23:06:25 EET [2021/04/15 16:06:25 ET]
Table 'VTPP NLHE' 2-max (Play Money) Seat #1 is the button
Seat 1: s70n3fac3 (10645 in chips) 
Seat 2: FDIBA2009 (16441 in chips) 
s70n3fac3: posts small blind 50
FDIBA2009: posts big blind 100
*** HOLE CARDS ***
Dealt to s70n3fac3 [8h Tc]
s70n3fac3: raises 100 to 200
FDIBA2009: folds 
Uncalled bet (100) returned to s70n3fac3
s70n3fac3 collected 200 from pot
s70n3fac3: doesn't show hand 
*** SUMMARY ***
Total pot 200 | Rake 0 
Seat 1: s70n3fac3 (button) (small blind) collected (200)
Seat 2: FDIBA2009 (big blind) folded before Flop



PokerStars Home Game Hand #225869718357: {Club #4781089}  Hold'em No Limit (50/100) - 2021/04/15 23:06:30 EET [2021/04/15 16:06:30 ET]
Table 'VTPP NLHE' 2-max (Play Money) Seat #2 is the button
Seat 1: s70n3fac3 (10745 in chips) 
Seat 2: FDIBA2009 (16341 in chips) 
FDIBA2009: posts small blind 50
s70n3fac3: posts big blind 100
*** HOLE CARDS ***
Dealt to s70n3fac3 [9d 8c]
FDIBA2009: raises 100 to 200
s70n3fac3: calls 100
*** FLOP *** [Qd 6s 5h]
s70n3fac3: checks 
FDIBA2009: bets 189
s70n3fac3: calls 189
*** TURN *** [Qd 6s 5h] [4c]
s70n3fac3: checks 
FDIBA2009: bets 367
s70n3fac3: calls 367
*** RIVER *** [Qd 6s 5h 4c] [8h]
s70n3fac3: checks 
FDIBA2009: checks 
*** SHOW DOWN ***
s70n3fac3: shows [9d 8c] (a pair of Eights)
FDIBA2009: shows [Kh Qh] (a pair of Queens)
FDIBA2009 collected 1429 from pot
*** SUMMARY ***
Total pot 1512 | Rake 83 
Board [Qd 6s 5h 4c 8h]
Seat 1: s70n3fac3 (big blind) showed [9d 8c] and lost with a pair of Eights
Seat 2: FDIBA2009 (button) (small blind) showed [Kh Qh] and won (1429) with a pair of Queens



PokerStars Home Game Hand #225869732785: {Club #4781089}  Hold'em No Limit (50/100) - 2021/04/15 23:06:51 EET [2021/04/15 16:06:51 ET]
Table 'VTPP NLHE' 2-max (Play Money) Seat #1 is the button
Seat 1: s70n3fac3 (9989 in chips) 
Seat 2: FDIBA2009 (17014 in chips) 
s70n3fac3: posts small blind 50
FDIBA2009: posts big blind 100
*** HOLE CARDS ***
Dealt to s70n3fac3 [4c 8d]
s70n3fac3: folds 
Uncalled bet (50) returned to FDIBA2009
FDIBA2009 collected 100 from pot
*** SUMMARY ***
Total pot 100 | Rake 0 
Seat 1: s70n3fac3 (button) (small blind) folded before Flop
Seat 2: FDIBA2009 (big blind) collected (100)



PokerStars Home Game Hand #225869735493: {Club #4781089}  Hold'em No Limit (50/100) - 2021/04/15 23:06:55 EET [2021/04/15 16:06:55 ET]
Table 'VTPP NLHE' 2-max (Play Money) Seat #2 is the button
Seat 1: s70n3fac3 (9939 in chips) 
Seat 2: FDIBA2009 (17064 in chips) 
FDIBA2009: posts small blind 50
s70n3fac3: posts big blind 100
*** HOLE CARDS ***
Dealt to s70n3fac3 [Td Ts]
FDIBA2009: raises 100 to 200
s70n3fac3: raises 300 to 500
FDIBA2009: calls 300
*** FLOP *** [9h 7c 2s]
s70n3fac3: bets 600
FDIBA2009: folds 
Uncalled bet (600) returned to s70n3fac3
s70n3fac3 collected 945 from pot
s70n3fac3: doesn't show hand 
*** SUMMARY ***
Total pot 1000 | Rake 55 
Board [9h 7c 2s]
Seat 1: s70n3fac3 (big blind) collected (945)
Seat 2: FDIBA2009 (button) (small blind) folded on the Flop



PokerStars Home Game Hand #225869743757: {Club #4781089}  Hold'em No Limit (50/100) - 2021/04/15 23:07:07 EET [2021/04/15 16:07:07 ET]
Table 'VTPP NLHE' 2-max (Play Money) Seat #1 is the button
Seat 1: s70n3fac3 (10384 in chips) 
Seat 2: FDIBA2009 (16564 in chips) 
s70n3fac3: posts small blind 50
FDIBA2009: posts big blind 100
*** HOLE CARDS ***
Dealt to s70n3fac3 [Ac Js]
s70n3fac3: raises 200 to 300
FDIBA2009: folds 
Uncalled bet (200) returned to s70n3fac3
s70n3fac3 collected 200 from pot
s70n3fac3: doesn't show hand 
*** SUMMARY ***
Total pot 200 | Rake 0 
Seat 1: s70n3fac3 (button) (small blind) collected (200)
Seat 2: FDIBA2009 (big blind) folded before Flop



PokerStars Home Game Hand #225869747601: {Club #4781089}  Hold'em No Limit (50/100) - 2021/04/15 23:07:13 EET [2021/04/15 16:07:13 ET]
Table 'VTPP NLHE' 2-max (Play Money) Seat #2 is the button
Seat 1: s70n3fac3 (10484 in chips) 
Seat 2: FDIBA2009 (16464 in chips) 
FDIBA2009: posts small blind 50
s70n3fac3: posts big blind 100
*** HOLE CARDS ***
Dealt to s70n3fac3 [4h 7c]
FDIBA2009: raises 100 to 200
s70n3fac3: folds 
Uncalled bet (100) returned to FDIBA2009
FDIBA2009 collected 200 from pot
*** SUMMARY ***
Total pot 200 | Rake 0 
Seat 1: s70n3fac3 (big blind) folded before Flop
Seat 2: FDIBA2009 (button) (small blind) collected (200)



PokerStars Home Game Hand #225869751424: {Club #4781089}  Hold'em No Limit (50/100) - 2021/04/15 23:07:18 EET [2021/04/15 16:07:18 ET]
Table 'VTPP NLHE' 2-max (Play Money) Seat #1 is the button
Seat 1: s70n3fac3 (10384 in chips) 
Seat 2: FDIBA2009 (16564 in chips) 
s70n3fac3: posts small blind 50
FDIBA2009: posts big blind 100
*** HOLE CARDS ***
Dealt to s70n3fac3 [6s Th]
s70n3fac3: calls 50
FDIBA2009: checks 
*** FLOP *** [2c Qd Ac]
FDIBA2009: checks 
s70n3fac3: checks 
*** TURN *** [2c Qd Ac] [Ts]
FDIBA2009: checks 
s70n3fac3: bets 200
FDIBA2009: calls 200
*** RIVER *** [2c Qd Ac Ts] [7s]
FDIBA2009: checks 
s70n3fac3: checks 
*** SHOW DOWN ***
FDIBA2009: shows [5h Kc] (high card Ace)
s70n3fac3: shows [6s Th] (a pair of Tens)
s70n3fac3 collected 567 from pot
*** SUMMARY ***
Total pot 600 | Rake 33 
Board [2c Qd Ac Ts 7s]
Seat 1: s70n3fac3 (button) (small blind) showed [6s Th] and won (567) with a pair of Tens
Seat 2: FDIBA2009 (big blind) showed [5h Kc] and lost with high card Ace



PokerStars Home Game Hand #225869762538: {Club #4781089}  Hold'em No Limit (50/100) - 2021/04/15 23:07:35 EET [2021/04/15 16:07:35 ET]
Table 'VTPP NLHE' 2-max (Play Money) Seat #2 is the button
Seat 1: s70n3fac3 (10651 in chips) 
Seat 2: FDIBA2009 (16264 in chips) 
FDIBA2009: posts small blind 50
s70n3fac3: posts big blind 100
*** HOLE CARDS ***
Dealt to s70n3fac3 [2c 5c]
FDIBA2009: raises 100 to 200
s70n3fac3: calls 100
*** FLOP *** [5d Qs Ah]
s70n3fac3: checks 
FDIBA2009: bets 189
s70n3fac3: calls 189
*** TURN *** [5d Qs Ah] [6d]
s70n3fac3: checks 
FDIBA2009: checks 
*** RIVER *** [5d Qs Ah 6d] [5h]
s70n3fac3: bets 400
FDIBA2009: folds 
Uncalled bet (400) returned to s70n3fac3
s70n3fac3 collected 735 from pot
s70n3fac3: doesn't show hand 
*** SUMMARY ***
Total pot 778 | Rake 43 
Board [5d Qs Ah 6d 5h]
Seat 1: s70n3fac3 (big blind) collected (735)
Seat 2: FDIBA2009 (button) (small blind) folded on the River



PokerStars Home Game Hand #225869774604: {Club #4781089}  Hold'em No Limit (50/100) - 2021/04/15 23:07:53 EET [2021/04/15 16:07:53 ET]
Table 'VTPP NLHE' 2-max (Play Money) Seat #1 is the button
Seat 1: s70n3fac3 (10997 in chips) 
Seat 2: FDIBA2009 (15875 in chips) 
s70n3fac3: posts small blind 50
FDIBA2009: posts big blind 100
*** HOLE CARDS ***
Dealt to s70n3fac3 [3h 6d]
s70n3fac3: folds 
Uncalled bet (50) returned to FDIBA2009
FDIBA2009 collected 100 from pot
*** SUMMARY ***
Total pot 100 | Rake 0 
Seat 1: s70n3fac3 (button) (small blind) folded before Flop
Seat 2: FDIBA2009 (big blind) collected (100)



PokerStars Home Game Hand #225869777258: {Club #4781089}  Hold'em No Limit (50/100) - 2021/04/15 23:07:56 EET [2021/04/15 16:07:56 ET]
Table 'VTPP NLHE' 2-max (Play Money) Seat #2 is the button
Seat 1: s70n3fac3 (10947 in chips) 
Seat 2: FDIBA2009 (15925 in chips) 
FDIBA2009: posts small blind 50
s70n3fac3: posts big blind 100
*** HOLE CARDS ***
Dealt to s70n3fac3 [Qd Ts]
FDIBA2009: raises 100 to 200
s70n3fac3: calls 100
*** FLOP *** [6d Tc 2c]
s70n3fac3: checks 
FDIBA2009: checks 
*** TURN *** [6d Tc 2c] [Js]
s70n3fac3: checks 
FDIBA2009: checks 
*** RIVER *** [6d Tc 2c Js] [Qh]
s70n3fac3: bets 300
FDIBA2009: folds 
Uncalled bet (300) returned to s70n3fac3
s70n3fac3 collected 378 from pot
s70n3fac3: doesn't show hand 
*** SUMMARY ***
Total pot 400 | Rake 22 
Board [6d Tc 2c Js Qh]
Seat 1: s70n3fac3 (big blind) collected (378)
Seat 2: FDIBA2009 (button) (small blind) folded on the River



PokerStars Home Game Hand #225869787518: {Club #4781089}  Hold'em No Limit (50/100) - 2021/04/15 23:08:12 EET [2021/04/15 16:08:12 ET]
Table 'VTPP NLHE' 2-max (Play Money) Seat #1 is the button
Seat 1: s70n3fac3 (11125 in chips) 
Seat 2: FDIBA2009 (15725 in chips) 
s70n3fac3: posts small blind 50
FDIBA2009: posts big blind 100
*** HOLE CARDS ***
Dealt to s70n3fac3 [Ac Qc]
s70n3fac3: raises 200 to 300
FDIBA2009: calls 200
*** FLOP *** [9d Js 2h]
FDIBA2009: checks 
s70n3fac3: checks 
*** TURN *** [9d Js 2h] [Tc]
FDIBA2009: bets 283
s70n3fac3: calls 283
*** RIVER *** [9d Js 2h Tc] [Qs]
FDIBA2009: bets 1102
s70n3fac3: folds 
Uncalled bet (1102) returned to FDIBA2009
FDIBA2009 collected 1102 from pot
*** SUMMARY ***
Total pot 1166 | Rake 64 
Board [9d Js 2h Tc Qs]
Seat 1: s70n3fac3 (button) (small blind) folded on the River
Seat 2: FDIBA2009 (big blind) collected (1102)



PokerStars Home Game Hand #225869814575: {Club #4781089}  Hold'em No Limit (50/100) - 2021/04/15 23:08:51 EET [2021/04/15 16:08:51 ET]
Table 'VTPP NLHE' 2-max (Play Money) Seat #2 is the button
Seat 1: s70n3fac3 (10542 in chips) 
Seat 2: FDIBA2009 (16244 in chips) 
FDIBA2009: posts small blind 50
s70n3fac3: posts big blind 100
*** HOLE CARDS ***
Dealt to s70n3fac3 [3h Qc]
FDIBA2009: raises 100 to 200
s70n3fac3: folds 
Uncalled bet (100) returned to FDIBA2009
FDIBA2009 collected 200 from pot
*** SUMMARY ***
Total pot 200 | Rake 0 
Seat 1: s70n3fac3 (big blind) folded before Flop
Seat 2: FDIBA2009 (button) (small blind) collected (200)



PokerStars Home Game Hand #225869818682: {Club #4781089}  Hold'em No Limit (50/100) - 2021/04/15 23:08:57 EET [2021/04/15 16:08:57 ET]
Table 'VTPP NLHE' 2-max (Play Money) Seat #1 is the button
Seat 1: s70n3fac3 (10442 in chips) 
Seat 2: FDIBA2009 (16344 in chips) 
s70n3fac3: posts small blind 50
FDIBA2009: posts big blind 100
*** HOLE CARDS ***
Dealt to s70n3fac3 [Jd 2h]
s70n3fac3: folds 
Uncalled bet (50) returned to FDIBA2009
FDIBA2009 collected 100 from pot
*** SUMMARY ***
Total pot 100 | Rake 0 
Seat 1: s70n3fac3 (button) (small blind) folded before Flop
Seat 2: FDIBA2009 (big blind) collected (100)



PokerStars Home Game Hand #225869821380: {Club #4781089}  Hold'em No Limit (50/100) - 2021/04/15 23:09:01 EET [2021/04/15 16:09:01 ET]
Table 'VTPP NLHE' 2-max (Play Money) Seat #2 is the button
Seat 1: s70n3fac3 (10392 in chips) 
Seat 2: FDIBA2009 (16394 in chips) 
FDIBA2009: posts small blind 50
s70n3fac3: posts big blind 100
*** HOLE CARDS ***
Dealt to s70n3fac3 [6h Jd]
FDIBA2009: raises 100 to 200
s70n3fac3: folds 
Uncalled bet (100) returned to FDIBA2009
FDIBA2009 collected 200 from pot
*** SUMMARY ***
Total pot 200 | Rake 0 
Seat 1: s70n3fac3 (big blind) folded before Flop
Seat 2: FDIBA2009 (button) (small blind) collected (200)



PokerStars Home Game Hand #225869825628: {Club #4781089}  Hold'em No Limit (50/100) - 2021/04/15 23:09:07 EET [2021/04/15 16:09:07 ET]
Table 'VTPP NLHE' 2-max (Play Money) Seat #1 is the button
Seat 1: s70n3fac3 (10292 in chips) 
Seat 2: FDIBA2009 (16494 in chips) 
s70n3fac3: posts small blind 50
FDIBA2009: posts big blind 100
*** HOLE CARDS ***
Dealt to s70n3fac3 [7h Qd]
s70n3fac3: calls 50
FDIBA2009: raises 200 to 300
s70n3fac3: folds 
Uncalled bet (200) returned to FDIBA2009
FDIBA2009 collected 200 from pot
*** SUMMARY ***
Total pot 200 | Rake 0 
Seat 1: s70n3fac3 (button) (small blind) folded before Flop
Seat 2: FDIBA2009 (big blind) collected (200)



PokerStars Home Game Hand #225869830846: {Club #4781089}  Hold'em No Limit (50/100) - 2021/04/15 23:09:15 EET [2021/04/15 16:09:15 ET]
Table 'VTPP NLHE' 2-max (Play Money) Seat #2 is the button
Seat 1: s70n3fac3 (10192 in chips) 
Seat 2: FDIBA2009 (16594 in chips) 
FDIBA2009: posts small blind 50
s70n3fac3: posts big blind 100
*** HOLE CARDS ***
Dealt to s70n3fac3 [6c Ah]
FDIBA2009: raises 100 to 200
s70n3fac3: calls 100
*** FLOP *** [Jc 8s 3s]
s70n3fac3: checks 
FDIBA2009: bets 189
s70n3fac3: folds 
Uncalled bet (189) returned to FDIBA2009
FDIBA2009 collected 378 from pot
*** SUMMARY ***
Total pot 400 | Rake 22 
Board [Jc 8s 3s]
Seat 1: s70n3fac3 (big blind) folded on the Flop
Seat 2: FDIBA2009 (button) (small blind) collected (378)



PokerStars Home Game Hand #225869838219: {Club #4781089}  Hold'em No Limit (50/100) - 2021/04/15 23:09:26 EET [2021/04/15 16:09:26 ET]
Table 'VTPP NLHE' 2-max (Play Money) Seat #1 is the button
Seat 1: s70n3fac3 (9992 in chips) 
Seat 2: FDIBA2009 (16772 in chips) 
s70n3fac3: posts small blind 50
FDIBA2009: posts big blind 100
*** HOLE CARDS ***
Dealt to s70n3fac3 [7s 3d]
s70n3fac3: calls 50
FDIBA2009: checks 
*** FLOP *** [2s 5h Ad]
FDIBA2009: checks 
s70n3fac3: checks 
*** TURN *** [2s 5h Ad] [Qc]
FDIBA2009: checks 
s70n3fac3: checks 
*** RIVER *** [2s 5h Ad Qc] [2d]
FDIBA2009: bets 189
s70n3fac3: folds 
Uncalled bet (189) returned to FDIBA2009
FDIBA2009 collected 189 from pot
*** SUMMARY ***
Total pot 200 | Rake 11 
Board [2s 5h Ad Qc 2d]
Seat 1: s70n3fac3 (button) (small blind) folded on the River
Seat 2: FDIBA2009 (big blind) collected (189)



PokerStars Home Game Hand #225869850865: {Club #4781089}  Hold'em No Limit (50/100) - 2021/04/15 23:09:45 EET [2021/04/15 16:09:45 ET]
Table 'VTPP NLHE' 2-max (Play Money) Seat #2 is the button
Seat 1: s70n3fac3 (9892 in chips) 
Seat 2: FDIBA2009 (16861 in chips) 
FDIBA2009: posts small blind 50
s70n3fac3: posts big blind 100
*** HOLE CARDS ***
Dealt to s70n3fac3 [Kc 6c]
FDIBA2009: raises 100 to 200
s70n3fac3: calls 100
*** FLOP *** [7s 2d 3s]
s70n3fac3: checks 
FDIBA2009: bets 378
s70n3fac3: folds 
Uncalled bet (378) returned to FDIBA2009
FDIBA2009 collected 378 from pot
*** SUMMARY ***
Total pot 400 | Rake 22 
Board [7s 2d 3s]
Seat 1: s70n3fac3 (big blind) folded on the Flop
Seat 2: FDIBA2009 (button) (small blind) collected (378)



PokerStars Home Game Hand #225869857550: {Club #4781089}  Hold'em No Limit (50/100) - 2021/04/15 23:09:54 EET [2021/04/15 16:09:54 ET]
Table 'VTPP NLHE' 2-max (Play Money) Seat #1 is the button
Seat 1: s70n3fac3 (9692 in chips) 
Seat 2: FDIBA2009 (17039 in chips) 
s70n3fac3: posts small blind 50
FDIBA2009: posts big blind 100
*** HOLE CARDS ***
Dealt to s70n3fac3 [Qc Qs]
s70n3fac3: raises 100 to 200
FDIBA2009: calls 100
*** FLOP *** [9d Th 7c]
FDIBA2009: checks 
s70n3fac3: bets 200
FDIBA2009: calls 200
*** TURN *** [9d Th 7c] [Jh]
FDIBA2009: checks 
s70n3fac3: bets 350
FDIBA2009: folds 
Uncalled bet (350) returned to s70n3fac3
s70n3fac3 collected 756 from pot
s70n3fac3: doesn't show hand 
*** SUMMARY ***
Total pot 800 | Rake 44 
Board [9d Th 7c Jh]
Seat 1: s70n3fac3 (button) (small blind) collected (756)
Seat 2: FDIBA2009 (big blind) folded on the Turn



PokerStars Home Game Hand #225869876707: {Club #4781089}  Hold'em No Limit (50/100) - 2021/04/15 23:10:23 EET [2021/04/15 16:10:23 ET]
Table 'VTPP NLHE' 2-max (Play Money) Seat #2 is the button
Seat 1: s70n3fac3 (10048 in chips) 
Seat 2: FDIBA2009 (16639 in chips) 
FDIBA2009: posts small blind 50
s70n3fac3: posts big blind 100
*** HOLE CARDS ***
Dealt to s70n3fac3 [5d 9d]
FDIBA2009: folds 
Uncalled bet (50) returned to s70n3fac3
s70n3fac3 collected 100 from pot
s70n3fac3: doesn't show hand 
*** SUMMARY ***
Total pot 100 | Rake 0 
Seat 1: s70n3fac3 (big blind) collected (100)
Seat 2: FDIBA2009 (button) (small blind) folded before Flop



PokerStars Home Game Hand #225869879497: {Club #4781089}  Hold'em No Limit (50/100) - 2021/04/15 23:10:27 EET [2021/04/15 16:10:27 ET]
Table 'VTPP NLHE' 2-max (Play Money) Seat #1 is the button
Seat 1: s70n3fac3 (10098 in chips) 
Seat 2: FDIBA2009 (16589 in chips) 
s70n3fac3: posts small blind 50
FDIBA2009: posts big blind 100
*** HOLE CARDS ***
Dealt to s70n3fac3 [8c Qh]
s70n3fac3: raises 100 to 200
FDIBA2009: raises 400 to 600
s70n3fac3: folds 
Uncalled bet (400) returned to FDIBA2009
FDIBA2009 collected 400 from pot
*** SUMMARY ***
Total pot 400 | Rake 0 
Seat 1: s70n3fac3 (button) (small blind) folded before Flop
Seat 2: FDIBA2009 (big blind) collected (400)



PokerStars Home Game Hand #225869885540: {Club #4781089}  Hold'em No Limit (50/100) - 2021/04/15 23:10:36 EET [2021/04/15 16:10:36 ET]
Table 'VTPP NLHE' 2-max (Play Money) Seat #2 is the button
Seat 1: s70n3fac3 (9898 in chips) 
Seat 2: FDIBA2009 (16789 in chips) 
FDIBA2009: posts small blind 50
s70n3fac3: posts big blind 100
*** HOLE CARDS ***
Dealt to s70n3fac3 [3c 4h]
FDIBA2009: raises 100 to 200
s70n3fac3: calls 100
*** FLOP *** [As Ts Td]
s70n3fac3: checks 
FDIBA2009: checks 
*** TURN *** [As Ts Td] [7s]
s70n3fac3: checks 
FDIBA2009: bets 100
s70n3fac3: folds 
Uncalled bet (100) returned to FDIBA2009
FDIBA2009 collected 378 from pot
*** SUMMARY ***
Total pot 400 | Rake 22 
Board [As Ts Td 7s]
Seat 1: s70n3fac3 (big blind) folded on the Turn
Seat 2: FDIBA2009 (button) (small blind) collected (378)



PokerStars Home Game Hand #225869893369: {Club #4781089}  Hold'em No Limit (50/100) - 2021/04/15 23:10:47 EET [2021/04/15 16:10:47 ET]
Table 'VTPP NLHE' 2-max (Play Money) Seat #1 is the button
Seat 1: s70n3fac3 (9698 in chips) 
Seat 2: FDIBA2009 (16967 in chips) 
s70n3fac3: posts small blind 50
FDIBA2009: posts big blind 100
*** HOLE CARDS ***
Dealt to s70n3fac3 [Ts Th]
s70n3fac3: raises 100 to 200
FDIBA2009: calls 100
*** FLOP *** [3d 4c Kh]
FDIBA2009: checks 
s70n3fac3: bets 200
FDIBA2009: calls 200
*** TURN *** [3d 4c Kh] [7d]
FDIBA2009: checks 
s70n3fac3: bets 300
FDIBA2009: calls 300
*** RIVER *** [3d 4c Kh 7d] [9h]
FDIBA2009: checks 
s70n3fac3: bets 400
FDIBA2009: calls 400
*** SHOW DOWN ***
s70n3fac3: shows [Ts Th] (a pair of Tens)
FDIBA2009: mucks hand 
s70n3fac3 collected 2079 from pot
*** SUMMARY ***
Total pot 2200 | Rake 121 
Board [3d 4c Kh 7d 9h]
Seat 1: s70n3fac3 (button) (small blind) showed [Ts Th] and won (2079) with a pair of Tens
Seat 2: FDIBA2009 (big blind) mucked [6c 6h]



PokerStars Home Game Hand #225869918024: {Club #4781089}  Hold'em No Limit (50/100) - 2021/04/15 23:11:23 EET [2021/04/15 16:11:23 ET]
Table 'VTPP NLHE' 2-max (Play Money) Seat #2 is the button
Seat 1: s70n3fac3 (10677 in chips) 
Seat 2: FDIBA2009 (15867 in chips) 
FDIBA2009: posts small blind 50
s70n3fac3: posts big blind 100
*** HOLE CARDS ***
Dealt to s70n3fac3 [Kd 8c]
FDIBA2009: raises 200 to 300
s70n3fac3: calls 200
*** FLOP *** [5d Ts 4c]
s70n3fac3: checks 
FDIBA2009: bets 283
s70n3fac3: folds 
Uncalled bet (283) returned to FDIBA2009
FDIBA2009 collected 567 from pot
*** SUMMARY ***
Total pot 600 | Rake 33 
Board [5d Ts 4c]
Seat 1: s70n3fac3 (big blind) folded on the Flop
Seat 2: FDIBA2009 (button) (small blind) collected (567)



PokerStars Home Game Hand #225869928119: {Club #4781089}  Hold'em No Limit (50/100) - 2021/04/15 23:11:39 EET [2021/04/15 16:11:39 ET]
Table 'VTPP NLHE' 2-max (Play Money) Seat #1 is the button
Seat 1: s70n3fac3 (10377 in chips) 
Seat 2: FDIBA2009 (16134 in chips) 
s70n3fac3: posts small blind 50
FDIBA2009: posts big blind 100
*** HOLE CARDS ***
Dealt to s70n3fac3 [8c Ts]
s70n3fac3: calls 50
FDIBA2009: checks 
*** FLOP *** [6c Ah 3c]
FDIBA2009: checks 
s70n3fac3: checks 
*** TURN *** [6c Ah 3c] [4d]
FDIBA2009: bets 189
s70n3fac3: folds 
Uncalled bet (189) returned to FDIBA2009
FDIBA2009 collected 189 from pot
*** SUMMARY ***
Total pot 200 | Rake 11 
Board [6c Ah 3c 4d]
Seat 1: s70n3fac3 (button) (small blind) folded on the Turn
Seat 2: FDIBA2009 (big blind) collected (189)



PokerStars Home Game Hand #225869937763: {Club #4781089}  Hold'em No Limit (50/100) - 2021/04/15 23:11:53 EET [2021/04/15 16:11:53 ET]
Table 'VTPP NLHE' 2-max (Play Money) Seat #2 is the button
Seat 1: s70n3fac3 (10277 in chips) 
Seat 2: FDIBA2009 (16223 in chips) 
FDIBA2009: posts small blind 50
s70n3fac3: posts big blind 100
*** HOLE CARDS ***
Dealt to s70n3fac3 [Jd 9c]
FDIBA2009: raises 200 to 300
s70n3fac3: calls 200
*** FLOP *** [9h 3d 5h]
s70n3fac3: checks 
FDIBA2009: checks 
*** TURN *** [9h 3d 5h] [Ad]
s70n3fac3: checks 
FDIBA2009: checks 
*** RIVER *** [9h 3d 5h Ad] [4d]
s70n3fac3: bets 300
FDIBA2009: raises 1167 to 1467
s70n3fac3: folds 
Uncalled bet (1167) returned to FDIBA2009
FDIBA2009 collected 1134 from pot
*** SUMMARY ***
Total pot 1200 | Rake 66 
Board [9h 3d 5h Ad 4d]
Seat 1: s70n3fac3 (big blind) folded on the River
Seat 2: FDIBA2009 (button) (small blind) collected (1134)



PokerStars Home Game Hand #225869956253: {Club #4781089}  Hold'em No Limit (50/100) - 2021/04/15 23:12:20 EET [2021/04/15 16:12:20 ET]
Table 'VTPP NLHE' 2-max (Play Money) Seat #1 is the button
Seat 1: s70n3fac3 (9677 in chips) 
Seat 2: FDIBA2009 (16757 in chips) 
s70n3fac3: posts small blind 50
FDIBA2009: posts big blind 100
*** HOLE CARDS ***
Dealt to s70n3fac3 [Kc Qc]
s70n3fac3: raises 200 to 300
FDIBA2009: folds 
Uncalled bet (200) returned to s70n3fac3
s70n3fac3 collected 200 from pot
s70n3fac3: doesn't show hand 
*** SUMMARY ***
Total pot 200 | Rake 0 
Seat 1: s70n3fac3 (button) (small blind) collected (200)
Seat 2: FDIBA2009 (big blind) folded before Flop



PokerStars Home Game Hand #225869959945: {Club #4781089}  Hold'em No Limit (50/100) - 2021/04/15 23:12:26 EET [2021/04/15 16:12:26 ET]
Table 'VTPP NLHE' 2-max (Play Money) Seat #2 is the button
Seat 1: s70n3fac3 (9777 in chips) 
Seat 2: FDIBA2009 (16657 in chips) 
FDIBA2009: posts small blind 50
s70n3fac3: posts big blind 100
*** HOLE CARDS ***
Dealt to s70n3fac3 [8d 2h]
FDIBA2009: raises 100 to 200
s70n3fac3: folds 
Uncalled bet (100) returned to FDIBA2009
FDIBA2009 collected 200 from pot
*** SUMMARY ***
Total pot 200 | Rake 0 
Seat 1: s70n3fac3 (big blind) folded before Flop
Seat 2: FDIBA2009 (button) (small blind) collected (200)



PokerStars Home Game Hand #225869963586: {Club #4781089}  Hold'em No Limit (50/100) - 2021/04/15 23:12:31 EET [2021/04/15 16:12:31 ET]
Table 'VTPP NLHE' 2-max (Play Money) Seat #1 is the button
Seat 1: s70n3fac3 (9677 in chips) 
Seat 2: FDIBA2009 (16757 in chips) 
s70n3fac3: posts small blind 50
FDIBA2009: posts big blind 100
*** HOLE CARDS ***
Dealt to s70n3fac3 [Qc 6h]
s70n3fac3: calls 50
FDIBA2009: checks 
*** FLOP *** [Jh 2d Qh]
FDIBA2009: checks 
s70n3fac3: bets 200
FDIBA2009: folds 
Uncalled bet (200) returned to s70n3fac3
s70n3fac3 collected 189 from pot
s70n3fac3: doesn't show hand 
*** SUMMARY ***
Total pot 200 | Rake 11 
Board [Jh 2d Qh]
Seat 1: s70n3fac3 (button) (small blind) collected (189)
Seat 2: FDIBA2009 (big blind) folded on the Flop



PokerStars Home Game Hand #225869972280: {Club #4781089}  Hold'em No Limit (50/100) - 2021/04/15 23:12:45 EET [2021/04/15 16:12:45 ET]
Table 'VTPP NLHE' 2-max (Play Money) Seat #2 is the button
Seat 1: s70n3fac3 (9766 in chips) 
Seat 2: FDIBA2009 (16657 in chips) 
FDIBA2009: posts small blind 50
s70n3fac3: posts big blind 100
*** HOLE CARDS ***
Dealt to s70n3fac3 [Th Kd]
FDIBA2009: raises 100 to 200
s70n3fac3: calls 100
*** FLOP *** [Ks 7s 5h]
s70n3fac3: checks 
FDIBA2009: checks 
*** TURN *** [Ks 7s 5h] [Ac]
s70n3fac3: bets 200
FDIBA2009: folds 
Uncalled bet (200) returned to s70n3fac3
s70n3fac3 collected 378 from pot
s70n3fac3: doesn't show hand 
*** SUMMARY ***
Total pot 400 | Rake 22 
Board [Ks 7s 5h Ac]
Seat 1: s70n3fac3 (big blind) collected (378)
Seat 2: FDIBA2009 (button) (small blind) folded on the Turn



PokerStars Home Game Hand #225869989347: {Club #4781089}  Hold'em No Limit (50/100) - 2021/04/15 23:13:00 EET [2021/04/15 16:13:00 ET]
Table 'VTPP NLHE' 2-max (Play Money) Seat #1 is the button
Seat 1: s70n3fac3 (9944 in chips) 
Seat 2: FDIBA2009 (16457 in chips) 
s70n3fac3: posts small blind 50
FDIBA2009: posts big blind 100
*** HOLE CARDS ***
Dealt to s70n3fac3 [2d Qc]
s70n3fac3: folds 
Uncalled bet (50) returned to FDIBA2009
FDIBA2009 collected 100 from pot
*** SUMMARY ***
Total pot 100 | Rake 0 
Seat 1: s70n3fac3 (button) (small blind) folded before Flop
Seat 2: FDIBA2009 (big blind) collected (100)



PokerStars Home Game Hand #225869991862: {Club #4781089}  Hold'em No Limit (50/100) - 2021/04/15 23:13:04 EET [2021/04/15 16:13:04 ET]
Table 'VTPP NLHE' 2-max (Play Money) Seat #2 is the button
Seat 1: s70n3fac3 (9894 in chips) 
Seat 2: FDIBA2009 (16507 in chips) 
FDIBA2009: posts small blind 50
s70n3fac3: posts big blind 100
*** HOLE CARDS ***
Dealt to s70n3fac3 [5d 9h]
FDIBA2009: raises 100 to 200
s70n3fac3: folds 
Uncalled bet (100) returned to FDIBA2009
FDIBA2009 collected 200 from pot
*** SUMMARY ***
Total pot 200 | Rake 0 
Seat 1: s70n3fac3 (big blind) folded before Flop
Seat 2: FDIBA2009 (button) (small blind) collected (200)



PokerStars Home Game Hand #225869995989: {Club #4781089}  Hold'em No Limit (50/100) - 2021/04/15 23:13:10 EET [2021/04/15 16:13:10 ET]
Table 'VTPP NLHE' 2-max (Play Money) Seat #1 is the button
Seat 1: s70n3fac3 (9794 in chips) 
Seat 2: FDIBA2009 (16607 in chips) 
s70n3fac3: posts small blind 50
FDIBA2009: posts big blind 100
*** HOLE CARDS ***
Dealt to s70n3fac3 [Qc 6h]
s70n3fac3: raises 100 to 200
FDIBA2009: raises 400 to 600
s70n3fac3: folds 
Uncalled bet (400) returned to FDIBA2009
FDIBA2009 collected 400 from pot
*** SUMMARY ***
Total pot 400 | Rake 0 
Seat 1: s70n3fac3 (button) (small blind) folded before Flop
Seat 2: FDIBA2009 (big blind) collected (400)



PokerStars Home Game Hand #225870002949: {Club #4781089}  Hold'em No Limit (50/100) - 2021/04/15 23:13:20 EET [2021/04/15 16:13:20 ET]
Table 'VTPP NLHE' 2-max (Play Money) Seat #2 is the button
Seat 1: s70n3fac3 (9594 in chips) 
Seat 2: FDIBA2009 (16807 in chips) 
FDIBA2009: posts small blind 50
s70n3fac3: posts big blind 100
*** HOLE CARDS ***
Dealt to s70n3fac3 [7c 8h]
FDIBA2009: raises 100 to 200
s70n3fac3: calls 100
*** FLOP *** [6s 5c 4d]
s70n3fac3: checks 
FDIBA2009: checks 
*** TURN *** [6s 5c 4d] [4c]
s70n3fac3: bets 200
FDIBA2009: folds 
Uncalled bet (200) returned to s70n3fac3
s70n3fac3 collected 378 from pot
s70n3fac3: doesn't show hand 
*** SUMMARY ***
Total pot 400 | Rake 22 
Board [6s 5c 4d 4c]
Seat 1: s70n3fac3 (big blind) collected (378)
Seat 2: FDIBA2009 (button) (small blind) folded on the Turn



PokerStars Home Game Hand #225870010489: {Club #4781089}  Hold'em No Limit (50/100) - 2021/04/15 23:13:32 EET [2021/04/15 16:13:32 ET]
Table 'VTPP NLHE' 2-max (Play Money) Seat #1 is the button
Seat 1: s70n3fac3 (9772 in chips) 
Seat 2: FDIBA2009 (16607 in chips) 
s70n3fac3: posts small blind 50
FDIBA2009: posts big blind 100
*** HOLE CARDS ***
Dealt to s70n3fac3 [Td Qc]
s70n3fac3: raises 100 to 200
FDIBA2009: calls 100
*** FLOP *** [2h 4d Qd]
FDIBA2009: checks 
s70n3fac3: bets 200
FDIBA2009: calls 200
*** TURN *** [2h 4d Qd] [8h]
FDIBA2009: checks 
s70n3fac3: bets 300
FDIBA2009: calls 300
*** RIVER *** [2h 4d Qd 8h] [Ad]
FDIBA2009: bets 1200
s70n3fac3: calls 1200
*** SHOW DOWN ***
FDIBA2009: shows [Jd 9s] (high card Ace)
s70n3fac3: shows [Td Qc] (a pair of Queens)
s70n3fac3 collected 3591 from pot
*** SUMMARY ***
Total pot 3800 | Rake 209 
Board [2h 4d Qd 8h Ad]
Seat 1: s70n3fac3 (button) (small blind) showed [Td Qc] and won (3591) with a pair of Queens
Seat 2: FDIBA2009 (big blind) showed [Jd 9s] and lost with high card Ace



PokerStars Home Game Hand #225870033372: {Club #4781089}  Hold'em No Limit (50/100) - 2021/04/15 23:14:06 EET [2021/04/15 16:14:06 ET]
Table 'VTPP NLHE' 2-max (Play Money) Seat #2 is the button
Seat 1: s70n3fac3 (11463 in chips) 
Seat 2: FDIBA2009 (14707 in chips) 
FDIBA2009: posts small blind 50
s70n3fac3: posts big blind 100
*** HOLE CARDS ***
Dealt to s70n3fac3 [Qs 7s]
FDIBA2009: folds 
Uncalled bet (50) returned to s70n3fac3
s70n3fac3 collected 100 from pot
s70n3fac3: doesn't show hand 
*** SUMMARY ***
Total pot 100 | Rake 0 
Seat 1: s70n3fac3 (big blind) collected (100)
Seat 2: FDIBA2009 (button) (small blind) folded before Flop



PokerStars Home Game Hand #225870037055: {Club #4781089}  Hold'em No Limit (50/100) - 2021/04/15 23:14:12 EET [2021/04/15 16:14:12 ET]
Table 'VTPP NLHE' 2-max (Play Money) Seat #1 is the button
Seat 1: s70n3fac3 (11513 in chips) 
Seat 2: FDIBA2009 (14657 in chips) 
s70n3fac3: posts small blind 50
FDIBA2009: posts big blind 100
*** HOLE CARDS ***
Dealt to s70n3fac3 [9s 5d]
s70n3fac3: folds 
Uncalled bet (50) returned to FDIBA2009
FDIBA2009 collected 100 from pot
*** SUMMARY ***
Total pot 100 | Rake 0 
Seat 1: s70n3fac3 (button) (small blind) folded before Flop
Seat 2: FDIBA2009 (big blind) collected (100)



PokerStars Home Game Hand #225870039562: {Club #4781089}  Hold'em No Limit (50/100) - 2021/04/15 23:14:16 EET [2021/04/15 16:14:16 ET]
Table 'VTPP NLHE' 2-max (Play Money) Seat #2 is the button
Seat 1: s70n3fac3 (11463 in chips) 
Seat 2: FDIBA2009 (14707 in chips) 
FDIBA2009: posts small blind 50
s70n3fac3: posts big blind 100
*** HOLE CARDS ***
Dealt to s70n3fac3 [4h 2d]
FDIBA2009: raises 100 to 200
s70n3fac3: folds 
Uncalled bet (100) returned to FDIBA2009
FDIBA2009 collected 200 from pot
*** SUMMARY ***
Total pot 200 | Rake 0 
Seat 1: s70n3fac3 (big blind) folded before Flop
Seat 2: FDIBA2009 (button) (small blind) collected (200)



PokerStars Home Game Hand #225870043318: {Club #4781089}  Hold'em No Limit (50/100) - 2021/04/15 23:14:21 EET [2021/04/15 16:14:21 ET]
Table 'VTPP NLHE' 2-max (Play Money) Seat #1 is the button
Seat 1: s70n3fac3 (11363 in chips) 
Seat 2: FDIBA2009 (14807 in chips) 
s70n3fac3: posts small blind 50
FDIBA2009: posts big blind 100
*** HOLE CARDS ***
Dealt to s70n3fac3 [9d 7h]
s70n3fac3: calls 50
FDIBA2009: checks 
*** FLOP *** [3c 5c Qh]
FDIBA2009: bets 189
s70n3fac3: folds 
Uncalled bet (189) returned to FDIBA2009
FDIBA2009 collected 189 from pot
*** SUMMARY ***
Total pot 200 | Rake 11 
Board [3c 5c Qh]
Seat 1: s70n3fac3 (button) (small blind) folded on the Flop
Seat 2: FDIBA2009 (big blind) collected (189)



PokerStars Home Game Hand #225870049874: {Club #4781089}  Hold'em No Limit (50/100) - 2021/04/15 23:14:31 EET [2021/04/15 16:14:31 ET]
Table 'VTPP NLHE' 2-max (Play Money) Seat #2 is the button
Seat 1: s70n3fac3 (11263 in chips) 
Seat 2: FDIBA2009 (14896 in chips) 
FDIBA2009: posts small blind 50
s70n3fac3: posts big blind 100
*** HOLE CARDS ***
Dealt to s70n3fac3 [2d 4d]
FDIBA2009: raises 200 to 300
s70n3fac3: calls 200
*** FLOP *** [4h Ac 3h]
s70n3fac3: checks 
FDIBA2009: bets 283
s70n3fac3: calls 283
*** TURN *** [4h Ac 3h] [Qs]
s70n3fac3: checks 
FDIBA2009: bets 551
s70n3fac3: calls 551
*** RIVER *** [4h Ac 3h Qs] [9d]
s70n3fac3: checks 
FDIBA2009: bets 1800
s70n3fac3: folds 
Uncalled bet (1800) returned to FDIBA2009
FDIBA2009 collected 2143 from pot
*** SUMMARY ***
Total pot 2268 | Rake 125 
Board [4h Ac 3h Qs 9d]
Seat 1: s70n3fac3 (big blind) folded on the River
Seat 2: FDIBA2009 (button) (small blind) collected (2143)



PokerStars Home Game Hand #225870095019: {Club #4781089}  Hold'em No Limit (50/100) - 2021/04/15 23:15:38 EET [2021/04/15 16:15:38 ET]
Table 'VTPP NLHE' 2-max (Play Money) Seat #1 is the button
Seat 1: s70n3fac3 (10129 in chips) 
Seat 2: FDIBA2009 (15905 in chips) 
s70n3fac3: posts small blind 50
FDIBA2009: posts big blind 100
*** HOLE CARDS ***
Dealt to s70n3fac3 [5c Js]
s70n3fac3: folds 
Uncalled bet (50) returned to FDIBA2009
FDIBA2009 collected 100 from pot
*** SUMMARY ***
Total pot 100 | Rake 0 
Seat 1: s70n3fac3 (button) (small blind) folded before Flop
Seat 2: FDIBA2009 (big blind) collected (100)



PokerStars Home Game Hand #225870097518: {Club #4781089}  Hold'em No Limit (50/100) - 2021/04/15 23:15:42 EET [2021/04/15 16:15:42 ET]
Table 'VTPP NLHE' 2-max (Play Money) Seat #2 is the button
Seat 1: s70n3fac3 (10079 in chips) 
Seat 2: FDIBA2009 (15955 in chips) 
FDIBA2009: posts small blind 50
s70n3fac3: posts big blind 100
*** HOLE CARDS ***
Dealt to s70n3fac3 [Kd 5h]
FDIBA2009: calls 50
s70n3fac3: checks 
*** FLOP *** [9c Js 2d]
s70n3fac3: checks 
FDIBA2009: checks 
*** TURN *** [9c Js 2d] [6d]
s70n3fac3: bets 200
FDIBA2009: folds 
Uncalled bet (200) returned to s70n3fac3
s70n3fac3 collected 189 from pot
s70n3fac3: doesn't show hand 
*** SUMMARY ***
Total pot 200 | Rake 11 
Board [9c Js 2d 6d]
Seat 1: s70n3fac3 (big blind) collected (189)
Seat 2: FDIBA2009 (button) (small blind) folded on the Turn



PokerStars Home Game Hand #225870105805: {Club #4781089}  Hold'em No Limit (50/100) - 2021/04/15 23:15:54 EET [2021/04/15 16:15:54 ET]
Table 'VTPP NLHE' 2-max (Play Money) Seat #1 is the button
Seat 1: s70n3fac3 (10168 in chips) 
Seat 2: FDIBA2009 (15855 in chips) 
s70n3fac3: posts small blind 50
FDIBA2009: posts big blind 100
*** HOLE CARDS ***
Dealt to s70n3fac3 [6c 3s]
s70n3fac3: folds 
Uncalled bet (50) returned to FDIBA2009
FDIBA2009 collected 100 from pot
*** SUMMARY ***
Total pot 100 | Rake 0 
Seat 1: s70n3fac3 (button) (small blind) folded before Flop
Seat 2: FDIBA2009 (big blind) collected (100)



PokerStars Home Game Hand #225870108916: {Club #4781089}  Hold'em No Limit (50/100) - 2021/04/15 23:15:58 EET [2021/04/15 16:15:58 ET]
Table 'VTPP NLHE' 2-max (Play Money) Seat #2 is the button
Seat 1: s70n3fac3 (10118 in chips) 
Seat 2: FDIBA2009 (15905 in chips) 
FDIBA2009: posts small blind 50
s70n3fac3: posts big blind 100
*** HOLE CARDS ***
Dealt to s70n3fac3 [2c Js]
FDIBA2009: folds 
Uncalled bet (50) returned to s70n3fac3
s70n3fac3 collected 100 from pot
s70n3fac3: doesn't show hand 
*** SUMMARY ***
Total pot 100 | Rake 0 
Seat 1: s70n3fac3 (big blind) collected (100)
Seat 2: FDIBA2009 (button) (small blind) folded before Flop



PokerStars Home Game Hand #225870112941: {Club #4781089}  Hold'em No Limit (50/100) - 2021/04/15 23:16:04 EET [2021/04/15 16:16:04 ET]
Table 'VTPP NLHE' 2-max (Play Money) Seat #1 is the button
Seat 1: s70n3fac3 (10168 in chips) 
Seat 2: FDIBA2009 (15855 in chips) 
s70n3fac3: posts small blind 50
FDIBA2009: posts big blind 100
*** HOLE CARDS ***
Dealt to s70n3fac3 [5d Ks]
s70n3fac3: calls 50
FDIBA2009: checks 
*** FLOP *** [2c 9s Ac]
FDIBA2009: checks 
s70n3fac3: checks 
*** TURN *** [2c 9s Ac] [3s]
FDIBA2009: checks 
s70n3fac3: checks 
*** RIVER *** [2c 9s Ac 3s] [Tc]
FDIBA2009: bets 300
s70n3fac3: folds 
Uncalled bet (300) returned to FDIBA2009
FDIBA2009 collected 189 from pot
*** SUMMARY ***
Total pot 200 | Rake 11 
Board [2c 9s Ac 3s Tc]
Seat 1: s70n3fac3 (button) (small blind) folded on the River
Seat 2: FDIBA2009 (big blind) collected (189)



PokerStars Home Game Hand #225870136841: {Club #4781089}  Hold'em No Limit (50/100) - 2021/04/15 23:16:39 EET [2021/04/15 16:16:39 ET]
Table 'VTPP NLHE' 2-max (Play Money) Seat #2 is the button
Seat 1: s70n3fac3 (10068 in chips) 
Seat 2: FDIBA2009 (15944 in chips) 
FDIBA2009: posts small blind 50
s70n3fac3: posts big blind 100
*** HOLE CARDS ***
Dealt to s70n3fac3 [5d 6s]
FDIBA2009: raises 100 to 200
s70n3fac3: calls 100
*** FLOP *** [3d 2c 4c]
s70n3fac3: checks 
FDIBA2009: checks 
*** TURN *** [3d 2c 4c] [3s]
s70n3fac3: checks 
FDIBA2009: checks 
*** RIVER *** [3d 2c 4c 3s] [Td]
s70n3fac3: bets 300
FDIBA2009: folds 
Uncalled bet (300) returned to s70n3fac3
s70n3fac3 collected 378 from pot
s70n3fac3: doesn't show hand 
*** SUMMARY ***
Total pot 400 | Rake 22 
Board [3d 2c 4c 3s Td]
Seat 1: s70n3fac3 (big blind) collected (378)
Seat 2: FDIBA2009 (button) (small blind) folded on the River



PokerStars Home Game Hand #225870148912: {Club #4781089}  Hold'em No Limit (50/100) - 2021/04/15 23:16:57 EET [2021/04/15 16:16:57 ET]
Table 'VTPP NLHE' 2-max (Play Money) Seat #1 is the button
Seat 1: s70n3fac3 (10246 in chips) 
Seat 2: FDIBA2009 (15744 in chips) 
s70n3fac3: posts small blind 50
FDIBA2009: posts big blind 100
*** HOLE CARDS ***
Dealt to s70n3fac3 [Qs 3s]
s70n3fac3: calls 50
FDIBA2009: checks 
*** FLOP *** [3h Ks 6c]
FDIBA2009: checks 
s70n3fac3: bets 200
FDIBA2009: folds 
Uncalled bet (200) returned to s70n3fac3
s70n3fac3 collected 189 from pot
s70n3fac3: doesn't show hand 
*** SUMMARY ***
Total pot 200 | Rake 11 
Board [3h Ks 6c]
Seat 1: s70n3fac3 (button) (small blind) collected (189)
Seat 2: FDIBA2009 (big blind) folded on the Flop



PokerStars Home Game Hand #225870157808: {Club #4781089}  Hold'em No Limit (50/100) - 2021/04/15 23:17:10 EET [2021/04/15 16:17:10 ET]
Table 'VTPP NLHE' 2-max (Play Money) Seat #2 is the button
Seat 1: s70n3fac3 (10335 in chips) 
Seat 2: FDIBA2009 (15644 in chips) 
FDIBA2009: posts small blind 50
s70n3fac3: posts big blind 100
*** HOLE CARDS ***
Dealt to s70n3fac3 [5h 3d]
FDIBA2009: raises 100 to 200
s70n3fac3: calls 100
*** FLOP *** [Ah Td 7s]
s70n3fac3: checks 
FDIBA2009: bets 189
s70n3fac3: folds 
Uncalled bet (189) returned to FDIBA2009
FDIBA2009 collected 378 from pot
*** SUMMARY ***
Total pot 400 | Rake 22 
Board [Ah Td 7s]
Seat 1: s70n3fac3 (big blind) folded on the Flop
Seat 2: FDIBA2009 (button) (small blind) collected (378)



PokerStars Home Game Hand #225870167452: {Club #4781089}  Hold'em No Limit (50/100) - 2021/04/15 23:17:23 EET [2021/04/15 16:17:23 ET]
Table 'VTPP NLHE' 2-max (Play Money) Seat #1 is the button
Seat 1: s70n3fac3 (10135 in chips) 
Seat 2: FDIBA2009 (15822 in chips) 
s70n3fac3: posts small blind 50
FDIBA2009: posts big blind 100
*** HOLE CARDS ***
Dealt to s70n3fac3 [Kc 8s]
s70n3fac3: calls 50
FDIBA2009: checks 
*** FLOP *** [Js Ah 2s]
FDIBA2009: checks 
s70n3fac3: checks 
*** TURN *** [Js Ah 2s] [8d]
FDIBA2009: checks 
s70n3fac3: bets 200
FDIBA2009: folds 
Uncalled bet (200) returned to s70n3fac3
s70n3fac3 collected 189 from pot
s70n3fac3: doesn't show hand 
*** SUMMARY ***
Total pot 200 | Rake 11 
Board [Js Ah 2s 8d]
Seat 1: s70n3fac3 (button) (small blind) collected (189)
Seat 2: FDIBA2009 (big blind) folded on the Turn



PokerStars Home Game Hand #225870178470: {Club #4781089}  Hold'em No Limit (50/100) - 2021/04/15 23:17:39 EET [2021/04/15 16:17:39 ET]
Table 'VTPP NLHE' 2-max (Play Money) Seat #2 is the button
Seat 1: s70n3fac3 (10224 in chips) 
Seat 2: FDIBA2009 (15722 in chips) 
FDIBA2009: posts small blind 50
s70n3fac3: posts big blind 100
*** HOLE CARDS ***
Dealt to s70n3fac3 [6c 8d]
FDIBA2009: raises 100 to 200
s70n3fac3: calls 100
*** FLOP *** [4d Jh 5s]
s70n3fac3: checks 
FDIBA2009: checks 
*** TURN *** [4d Jh 5s] [5c]
s70n3fac3: checks 
FDIBA2009: bets 100
s70n3fac3: calls 100
*** RIVER *** [4d Jh 5s 5c] [9s]
s70n3fac3: checks 
FDIBA2009: checks 
*** SHOW DOWN ***
s70n3fac3: shows [6c 8d] (a pair of Fives)
FDIBA2009: shows [4s 7c] (two pair, Fives and Fours)
FDIBA2009 collected 567 from pot
*** SUMMARY ***
Total pot 600 | Rake 33 
Board [4d Jh 5s 5c 9s]
Seat 1: s70n3fac3 (big blind) showed [6c 8d] and lost with a pair of Fives
Seat 2: FDIBA2009 (button) (small blind) showed [4s 7c] and won (567) with two pair, Fives and Fours



PokerStars Home Game Hand #225870189588: {Club #4781089}  Hold'em No Limit (50/100) - 2021/04/15 23:17:55 EET [2021/04/15 16:17:55 ET]
Table 'VTPP NLHE' 2-max (Play Money) Seat #1 is the button
Seat 1: s70n3fac3 (9924 in chips) 
Seat 2: FDIBA2009 (15989 in chips) 
s70n3fac3: posts small blind 50
FDIBA2009: posts big blind 100
*** HOLE CARDS ***
Dealt to s70n3fac3 [9c 5s]
s70n3fac3: calls 50
FDIBA2009: raises 100 to 200
s70n3fac3: calls 100
*** FLOP *** [4d Qc 2c]
FDIBA2009: bets 378
s70n3fac3: folds 
Uncalled bet (378) returned to FDIBA2009
FDIBA2009 collected 378 from pot
*** SUMMARY ***
Total pot 400 | Rake 22 
Board [4d Qc 2c]
Seat 1: s70n3fac3 (button) (small blind) folded on the Flop
Seat 2: FDIBA2009 (big blind) collected (378)



PokerStars Home Game Hand #225870197601: {Club #4781089}  Hold'em No Limit (50/100) - 2021/04/15 23:18:07 EET [2021/04/15 16:18:07 ET]
Table 'VTPP NLHE' 2-max (Play Money) Seat #2 is the button
Seat 1: s70n3fac3 (9724 in chips) 
Seat 2: FDIBA2009 (16167 in chips) 
FDIBA2009: posts small blind 50
s70n3fac3: posts big blind 100
*** HOLE CARDS ***
Dealt to s70n3fac3 [8h 4d]
FDIBA2009: raises 100 to 200
s70n3fac3: folds 
Uncalled bet (100) returned to FDIBA2009
FDIBA2009 collected 200 from pot
*** SUMMARY ***
Total pot 200 | Rake 0 
Seat 1: s70n3fac3 (big blind) folded before Flop
Seat 2: FDIBA2009 (button) (small blind) collected (200)



PokerStars Home Game Hand #225870201722: {Club #4781089}  Hold'em No Limit (50/100) - 2021/04/15 23:18:13 EET [2021/04/15 16:18:13 ET]
Table 'VTPP NLHE' 2-max (Play Money) Seat #1 is the button
Seat 1: s70n3fac3 (9624 in chips) 
Seat 2: FDIBA2009 (16267 in chips) 
s70n3fac3: posts small blind 50
FDIBA2009: posts big blind 100
*** HOLE CARDS ***
Dealt to s70n3fac3 [7c Ah]
s70n3fac3: raises 100 to 200
FDIBA2009: calls 100
*** FLOP *** [9s 7h 3c]
FDIBA2009: checks 
s70n3fac3: bets 200
FDIBA2009: folds 
Uncalled bet (200) returned to s70n3fac3
s70n3fac3 collected 378 from pot
s70n3fac3: doesn't show hand 
*** SUMMARY ***
Total pot 400 | Rake 22 
Board [9s 7h 3c]
Seat 1: s70n3fac3 (button) (small blind) collected (378)
Seat 2: FDIBA2009 (big blind) folded on the Flop



PokerStars Home Game Hand #225870208989: {Club #4781089}  Hold'em No Limit (50/100) - 2021/04/15 23:18:23 EET [2021/04/15 16:18:23 ET]
Table 'VTPP NLHE' 2-max (Play Money) Seat #2 is the button
Seat 1: s70n3fac3 (9802 in chips) 
Seat 2: FDIBA2009 (16067 in chips) 
FDIBA2009: posts small blind 50
s70n3fac3: posts big blind 100
*** HOLE CARDS ***
Dealt to s70n3fac3 [8c Qs]
FDIBA2009: folds 
Uncalled bet (50) returned to s70n3fac3
s70n3fac3 collected 100 from pot
s70n3fac3: doesn't show hand 
*** SUMMARY ***
Total pot 100 | Rake 0 
Seat 1: s70n3fac3 (big blind) collected (100)
Seat 2: FDIBA2009 (button) (small blind) folded before Flop



PokerStars Home Game Hand #225870211679: {Club #4781089}  Hold'em No Limit (50/100) - 2021/04/15 23:18:27 EET [2021/04/15 16:18:27 ET]
Table 'VTPP NLHE' 2-max (Play Money) Seat #1 is the button
Seat 1: s70n3fac3 (9852 in chips) 
Seat 2: FDIBA2009 (16017 in chips) 
s70n3fac3: posts small blind 50
FDIBA2009: posts big blind 100
*** HOLE CARDS ***
Dealt to s70n3fac3 [4s 3d]
s70n3fac3: calls 50
FDIBA2009: raises 200 to 300
s70n3fac3: calls 200
*** FLOP *** [2d Kd 5s]
FDIBA2009: bets 567
s70n3fac3: calls 567
*** TURN *** [2d Kd 5s] [Js]
FDIBA2009: bets 1639
s70n3fac3: folds 
Uncalled bet (1639) returned to FDIBA2009
FDIBA2009 collected 1639 from pot
*** SUMMARY ***
Total pot 1734 | Rake 95 
Board [2d Kd 5s Js]
Seat 1: s70n3fac3 (button) (small blind) folded on the Turn
Seat 2: FDIBA2009 (big blind) collected (1639)



PokerStars Home Game Hand #225870240180: {Club #4781089}  Hold'em No Limit (50/100) - 2021/04/15 23:19:08 EET [2021/04/15 16:19:08 ET]
Table 'VTPP NLHE' 2-max (Play Money) Seat #2 is the button
Seat 1: s70n3fac3 (8985 in chips) 
Seat 2: FDIBA2009 (16789 in chips) 
FDIBA2009: posts small blind 50
s70n3fac3: posts big blind 100
*** HOLE CARDS ***
Dealt to s70n3fac3 [7c 7h]
FDIBA2009: raises 100 to 200
s70n3fac3: calls 100
*** FLOP *** [Qs Tc Qh]
s70n3fac3: checks 
FDIBA2009: checks 
*** TURN *** [Qs Tc Qh] [6s]
s70n3fac3: bets 200
FDIBA2009: folds 
Uncalled bet (200) returned to s70n3fac3
s70n3fac3 collected 378 from pot
s70n3fac3: doesn't show hand 
*** SUMMARY ***
Total pot 400 | Rake 22 
Board [Qs Tc Qh 6s]
Seat 1: s70n3fac3 (big blind) collected (378)
Seat 2: FDIBA2009 (button) (small blind) folded on the Turn



PokerStars Home Game Hand #225870247834: {Club #4781089}  Hold'em No Limit (50/100) - 2021/04/15 23:19:19 EET [2021/04/15 16:19:19 ET]
Table 'VTPP NLHE' 2-max (Play Money) Seat #1 is the button
Seat 1: s70n3fac3 (9163 in chips) 
Seat 2: FDIBA2009 (16589 in chips) 
s70n3fac3: posts small blind 50
FDIBA2009: posts big blind 100
*** HOLE CARDS ***
Dealt to s70n3fac3 [Ks Qc]
s70n3fac3: raises 100 to 200
FDIBA2009: calls 100
*** FLOP *** [As Js 6s]
FDIBA2009: checks 
s70n3fac3: bets 200
FDIBA2009: calls 200
*** TURN *** [As Js 6s] [7d]
FDIBA2009: checks 
s70n3fac3: bets 300
FDIBA2009: calls 300
*** RIVER *** [As Js 6s 7d] [9h]
FDIBA2009: checks 
s70n3fac3: checks 
*** SHOW DOWN ***
FDIBA2009: shows [9s Ad] (two pair, Aces and Nines)
s70n3fac3: mucks hand 
FDIBA2009 collected 1323 from pot
*** SUMMARY ***
Total pot 1400 | Rake 77 
Board [As Js 6s 7d 9h]
Seat 1: s70n3fac3 (button) (small blind) mucked [Ks Qc]
Seat 2: FDIBA2009 (big blind) showed [9s Ad] and won (1323) with two pair, Aces and Nines



PokerStars Home Game Hand #225870261400: {Club #4781089}  Hold'em No Limit (50/100) - 2021/04/15 23:19:39 EET [2021/04/15 16:19:39 ET]
Table 'VTPP NLHE' 2-max (Play Money) Seat #2 is the button
Seat 1: s70n3fac3 (8463 in chips) 
Seat 2: FDIBA2009 (17212 in chips) 
FDIBA2009: posts small blind 50
s70n3fac3: posts big blind 100
*** HOLE CARDS ***
Dealt to s70n3fac3 [Kc 8c]
FDIBA2009: raises 100 to 200
s70n3fac3: calls 100
*** FLOP *** [Jh Qh Ks]
s70n3fac3: checks 
FDIBA2009: checks 
*** TURN *** [Jh Qh Ks] [9h]
s70n3fac3: bets 200
FDIBA2009: calls 200
*** RIVER *** [Jh Qh Ks 9h] [6s]
s70n3fac3: bets 400
FDIBA2009: folds 
Uncalled bet (400) returned to s70n3fac3
s70n3fac3 collected 756 from pot
s70n3fac3: doesn't show hand 
*** SUMMARY ***
Total pot 800 | Rake 44 
Board [Jh Qh Ks 9h 6s]
Seat 1: s70n3fac3 (big blind) collected (756)
Seat 2: FDIBA2009 (button) (small blind) folded on the River



PokerStars Home Game Hand #225870277142: {Club #4781089}  Hold'em No Limit (50/100) - 2021/04/15 23:20:02 EET [2021/04/15 16:20:02 ET]
Table 'VTPP NLHE' 2-max (Play Money) Seat #1 is the button
Seat 1: s70n3fac3 (8819 in chips) 
Seat 2: FDIBA2009 (16812 in chips) 
s70n3fac3: posts small blind 50
FDIBA2009: posts big blind 100
*** HOLE CARDS ***
Dealt to s70n3fac3 [8c Ah]
s70n3fac3: raises 100 to 200
FDIBA2009: calls 100
*** FLOP *** [2d Tc Td]
FDIBA2009: checks 
s70n3fac3: bets 200
FDIBA2009: folds 
Uncalled bet (200) returned to s70n3fac3
s70n3fac3 collected 378 from pot
s70n3fac3: doesn't show hand 
*** SUMMARY ***
Total pot 400 | Rake 22 
Board [2d Tc Td]
Seat 1: s70n3fac3 (button) (small blind) collected (378)
Seat 2: FDIBA2009 (big blind) folded on the Flop



PokerStars Home Game Hand #225870283411: {Club #4781089}  Hold'em No Limit (50/100) - 2021/04/15 23:20:11 EET [2021/04/15 16:20:11 ET]
Table 'VTPP NLHE' 2-max (Play Money) Seat #2 is the button
Seat 1: s70n3fac3 (8997 in chips) 
Seat 2: FDIBA2009 (16612 in chips) 
FDIBA2009: posts small blind 50
s70n3fac3: posts big blind 100
*** HOLE CARDS ***
Dealt to s70n3fac3 [5c Jd]
FDIBA2009: raises 100 to 200
s70n3fac3: folds 
Uncalled bet (100) returned to FDIBA2009
FDIBA2009 collected 200 from pot
*** SUMMARY ***
Total pot 200 | Rake 0 
Seat 1: s70n3fac3 (big blind) folded before Flop
Seat 2: FDIBA2009 (button) (small blind) collected (200)



PokerStars Home Game Hand #225870286940: {Club #4781089}  Hold'em No Limit (50/100) - 2021/04/15 23:20:16 EET [2021/04/15 16:20:16 ET]
Table 'VTPP NLHE' 2-max (Play Money) Seat #1 is the button
Seat 1: s70n3fac3 (8897 in chips) 
Seat 2: FDIBA2009 (16712 in chips) 
s70n3fac3: posts small blind 50
FDIBA2009: posts big blind 100
*** HOLE CARDS ***
Dealt to s70n3fac3 [4d 7d]
s70n3fac3: raises 150 to 250
FDIBA2009: folds 
Uncalled bet (150) returned to s70n3fac3
s70n3fac3 collected 200 from pot
s70n3fac3: doesn't show hand 
*** SUMMARY ***
Total pot 200 | Rake 0 
Seat 1: s70n3fac3 (button) (small blind) collected (200)
Seat 2: FDIBA2009 (big blind) folded before Flop



PokerStars Home Game Hand #225870292229: {Club #4781089}  Hold'em No Limit (50/100) - 2021/04/15 23:20:24 EET [2021/04/15 16:20:24 ET]
Table 'VTPP NLHE' 2-max (Play Money) Seat #2 is the button
Seat 1: s70n3fac3 (8997 in chips) 
Seat 2: FDIBA2009 (16612 in chips) 
FDIBA2009: posts small blind 50
s70n3fac3: posts big blind 100
*** HOLE CARDS ***
Dealt to s70n3fac3 [Td 9s]
FDIBA2009: raises 100 to 200
s70n3fac3: calls 100
*** FLOP *** [Th 2s 5c]
s70n3fac3: bets 189
FDIBA2009: calls 189
*** TURN *** [Th 2s 5c] [9d]
s70n3fac3: bets 367
FDIBA2009: calls 367
*** RIVER *** [Th 2s 5c 9d] [6d]
s70n3fac3: bets 714
FDIBA2009: calls 714
*** SHOW DOWN ***
s70n3fac3: shows [Td 9s] (two pair, Tens and Nines)
FDIBA2009: mucks hand 
s70n3fac3 collected 2778 from pot
*** SUMMARY ***
Total pot 2940 | Rake 162 
Board [Th 2s 5c 9d 6d]
Seat 1: s70n3fac3 (big blind) showed [Td 9s] and won (2778) with two pair, Tens and Nines
Seat 2: FDIBA2009 (button) (small blind) mucked [Jd 5s]



PokerStars Home Game Hand #225870328163: {Club #4781089}  Hold'em No Limit (50/100) - 2021/04/15 23:21:16 EET [2021/04/15 16:21:16 ET]
Table 'VTPP NLHE' 2-max (Play Money) Seat #1 is the button
Seat 1: s70n3fac3 (10305 in chips) 
Seat 2: FDIBA2009 (15142 in chips) 
s70n3fac3: posts small blind 50
FDIBA2009: posts big blind 100
*** HOLE CARDS ***
Dealt to s70n3fac3 [Jh 8d]
s70n3fac3: raises 100 to 200
FDIBA2009: folds 
Uncalled bet (100) returned to s70n3fac3
s70n3fac3 collected 200 from pot
s70n3fac3: doesn't show hand 
*** SUMMARY ***
Total pot 200 | Rake 0 
Seat 1: s70n3fac3 (button) (small blind) collected (200)
Seat 2: FDIBA2009 (big blind) folded before Flop



PokerStars Home Game Hand #225870333095: {Club #4781089}  Hold'em No Limit (50/100) - 2021/04/15 23:21:23 EET [2021/04/15 16:21:23 ET]
Table 'VTPP NLHE' 2-max (Play Money) Seat #2 is the button
Seat 1: s70n3fac3 (10405 in chips) 
Seat 2: FDIBA2009 (15042 in chips) 
FDIBA2009: posts small blind 50
s70n3fac3: posts big blind 100
*** HOLE CARDS ***
Dealt to s70n3fac3 [Kh 4s]
FDIBA2009: raises 100 to 200
s70n3fac3: calls 100
*** FLOP *** [Qs 7d 5h]
s70n3fac3: checks 
FDIBA2009: checks 
*** TURN *** [Qs 7d 5h] [Kd]
s70n3fac3: bets 200
FDIBA2009: folds 
Uncalled bet (200) returned to s70n3fac3
s70n3fac3 collected 378 from pot
s70n3fac3: doesn't show hand 
*** SUMMARY ***
Total pot 400 | Rake 22 
Board [Qs 7d 5h Kd]
Seat 1: s70n3fac3 (big blind) collected (378)
Seat 2: FDIBA2009 (button) (small blind) folded on the Turn



PokerStars Home Game Hand #225870340293: {Club #4781089}  Hold'em No Limit (50/100) - 2021/04/15 23:21:34 EET [2021/04/15 16:21:34 ET]
Table 'VTPP NLHE' 2-max (Play Money) Seat #1 is the button
Seat 1: s70n3fac3 (10583 in chips) 
Seat 2: FDIBA2009 (14842 in chips) 
s70n3fac3: posts small blind 50
FDIBA2009: posts big blind 100
*** HOLE CARDS ***
Dealt to s70n3fac3 [5c Ks]
s70n3fac3: raises 100 to 200
FDIBA2009: folds 
Uncalled bet (100) returned to s70n3fac3
s70n3fac3 collected 200 from pot
s70n3fac3: doesn't show hand 
*** SUMMARY ***
Total pot 200 | Rake 0 
Seat 1: s70n3fac3 (button) (small blind) collected (200)
Seat 2: FDIBA2009 (big blind) folded before Flop



PokerStars Home Game Hand #225870344101: {Club #4781089}  Hold'em No Limit (50/100) - 2021/04/15 23:21:39 EET [2021/04/15 16:21:39 ET]
Table 'VTPP NLHE' 2-max (Play Money) Seat #2 is the button
Seat 1: s70n3fac3 (10683 in chips) 
Seat 2: FDIBA2009 (14742 in chips) 
FDIBA2009: posts small blind 50
s70n3fac3: posts big blind 100
*** HOLE CARDS ***
Dealt to s70n3fac3 [9s Ac]
FDIBA2009: raises 200 to 300
s70n3fac3: calls 200
*** FLOP *** [Jc 7c 7h]
s70n3fac3: checks 
FDIBA2009: bets 567
s70n3fac3: folds 
Uncalled bet (567) returned to FDIBA2009
FDIBA2009 collected 567 from pot
*** SUMMARY ***
Total pot 600 | Rake 33 
Board [Jc 7c 7h]
Seat 1: s70n3fac3 (big blind) folded on the Flop
Seat 2: FDIBA2009 (button) (small blind) collected (567)



PokerStars Home Game Hand #225870353652: {Club #4781089}  Hold'em No Limit (50/100) - 2021/04/15 23:21:53 EET [2021/04/15 16:21:53 ET]
Table 'VTPP NLHE' 2-max (Play Money) Seat #1 is the button
Seat 1: s70n3fac3 (10383 in chips) 
Seat 2: FDIBA2009 (15009 in chips) 
s70n3fac3: posts small blind 50
FDIBA2009: posts big blind 100
*** HOLE CARDS ***
Dealt to s70n3fac3 [Jh Js]
s70n3fac3: raises 200 to 300
FDIBA2009: raises 600 to 900
s70n3fac3: calls 600
*** FLOP *** [8s 7c 6c]
FDIBA2009: checks 
s70n3fac3: bets 750
FDIBA2009: calls 750
*** TURN *** [8s 7c 6c] [Tc]
FDIBA2009: checks 
s70n3fac3: bets 1250
FDIBA2009: folds 
Uncalled bet (1250) returned to s70n3fac3
s70n3fac3 collected 3118 from pot
s70n3fac3: doesn't show hand 
*** SUMMARY ***
Total pot 3300 | Rake 182 
Board [8s 7c 6c Tc]
Seat 1: s70n3fac3 (button) (small blind) collected (3118)
Seat 2: FDIBA2009 (big blind) folded on the Turn



PokerStars Home Game Hand #225870382341: {Club #4781089}  Hold'em No Limit (50/100) - 2021/04/15 23:22:34 EET [2021/04/15 16:22:34 ET]
Table 'VTPP NLHE' 2-max (Play Money) Seat #2 is the button
Seat 1: s70n3fac3 (11851 in chips) 
Seat 2: FDIBA2009 (13359 in chips) 
FDIBA2009: posts small blind 50
s70n3fac3: posts big blind 100
*** HOLE CARDS ***
Dealt to s70n3fac3 [4h Kh]
FDIBA2009: raises 100 to 200
s70n3fac3: calls 100
*** FLOP *** [8h Ts 2d]
s70n3fac3: checks 
FDIBA2009: checks 
*** TURN *** [8h Ts 2d] [Th]
s70n3fac3: checks 
FDIBA2009: bets 378
s70n3fac3: calls 378
*** RIVER *** [8h Ts 2d Th] [6d]
s70n3fac3: checks 
FDIBA2009: checks 
*** SHOW DOWN ***
s70n3fac3: shows [4h Kh] (a pair of Tens)
FDIBA2009: shows [Ah 9h] (a pair of Tens - Ace kicker)
FDIBA2009 collected 1092 from pot
*** SUMMARY ***
Total pot 1156 | Rake 64 
Board [8h Ts 2d Th 6d]
Seat 1: s70n3fac3 (big blind) showed [4h Kh] and lost with a pair of Tens
Seat 2: FDIBA2009 (button) (small blind) showed [Ah 9h] and won (1092) with a pair of Tens



PokerStars Home Game Hand #225870394250: {Club #4781089}  Hold'em No Limit (50/100) - 2021/04/15 23:22:51 EET [2021/04/15 16:22:51 ET]
Table 'VTPP NLHE' 2-max (Play Money) Seat #1 is the button
Seat 1: s70n3fac3 (11273 in chips) 
Seat 2: FDIBA2009 (13873 in chips) 
s70n3fac3: posts small blind 50
FDIBA2009: posts big blind 100
*** HOLE CARDS ***
Dealt to s70n3fac3 [9d 9h]
s70n3fac3: raises 100 to 200
FDIBA2009: raises 100 to 300
s70n3fac3: calls 100
*** FLOP *** [5c Js 4c]
FDIBA2009: bets 567
s70n3fac3: calls 567
*** TURN *** [5c Js 4c] [8s]
FDIBA2009: bets 1639
s70n3fac3: folds 
Uncalled bet (1639) returned to FDIBA2009
FDIBA2009 collected 1639 from pot
*** SUMMARY ***
Total pot 1734 | Rake 95 
Board [5c Js 4c 8s]
Seat 1: s70n3fac3 (button) (small blind) folded on the Turn
Seat 2: FDIBA2009 (big blind) collected (1639)



PokerStars Home Game Hand #225870415078: {Club #4781089}  Hold'em No Limit (50/100) - 2021/04/15 23:23:21 EET [2021/04/15 16:23:21 ET]
Table 'VTPP NLHE' 2-max (Play Money) Seat #2 is the button
Seat 1: s70n3fac3 (10406 in chips) 
Seat 2: FDIBA2009 (14645 in chips) 
FDIBA2009: posts small blind 50
s70n3fac3: posts big blind 100
*** HOLE CARDS ***
Dealt to s70n3fac3 [Jd 9s]
FDIBA2009: raises 100 to 200
s70n3fac3: calls 100
*** FLOP *** [9c Qs 8h]
s70n3fac3: checks 
FDIBA2009: checks 
*** TURN *** [9c Qs 8h] [4s]
s70n3fac3: checks 
FDIBA2009: checks 
*** RIVER *** [9c Qs 8h 4s] [2c]
s70n3fac3: bets 500
FDIBA2009: folds 
Uncalled bet (500) returned to s70n3fac3
s70n3fac3 collected 378 from pot
s70n3fac3: doesn't show hand 
*** SUMMARY ***
Total pot 400 | Rake 22 
Board [9c Qs 8h 4s 2c]
Seat 1: s70n3fac3 (big blind) collected (378)
Seat 2: FDIBA2009 (button) (small blind) folded on the River



PokerStars Home Game Hand #225870425149: {Club #4781089}  Hold'em No Limit (50/100) - 2021/04/15 23:23:36 EET [2021/04/15 16:23:36 ET]
Table 'VTPP NLHE' 2-max (Play Money) Seat #1 is the button
Seat 1: s70n3fac3 (10584 in chips) 
Seat 2: FDIBA2009 (14445 in chips) 
s70n3fac3: posts small blind 50
FDIBA2009: posts big blind 100
*** HOLE CARDS ***
Dealt to s70n3fac3 [2s Jh]
s70n3fac3: folds 
Uncalled bet (50) returned to FDIBA2009
FDIBA2009 collected 100 from pot
*** SUMMARY ***
Total pot 100 | Rake 0 
Seat 1: s70n3fac3 (button) (small blind) folded before Flop
Seat 2: FDIBA2009 (big blind) collected (100)



PokerStars Home Game Hand #225870427672: {Club #4781089}  Hold'em No Limit (50/100) - 2021/04/15 23:23:40 EET [2021/04/15 16:23:40 ET]
Table 'VTPP NLHE' 2-max (Play Money) Seat #2 is the button
Seat 1: s70n3fac3 (10534 in chips) 
Seat 2: FDIBA2009 (14495 in chips) 
FDIBA2009: posts small blind 50
s70n3fac3: posts big blind 100
*** HOLE CARDS ***
Dealt to s70n3fac3 [Tc 9s]
FDIBA2009: raises 100 to 200
s70n3fac3: calls 100
*** FLOP *** [Kh 7h 8c]
s70n3fac3: checks 
FDIBA2009: checks 
*** TURN *** [Kh 7h 8c] [8d]
s70n3fac3: checks 
FDIBA2009: checks 
*** RIVER *** [Kh 7h 8c 8d] [5c]
s70n3fac3: bets 400
FDIBA2009: folds 
Uncalled bet (400) returned to s70n3fac3
s70n3fac3 collected 378 from pot
s70n3fac3: doesn't show hand 
*** SUMMARY ***
Total pot 400 | Rake 22 
Board [Kh 7h 8c 8d 5c]
Seat 1: s70n3fac3 (big blind) collected (378)
Seat 2: FDIBA2009 (button) (small blind) folded on the River



PokerStars Home Game Hand #225870437466: {Club #4781089}  Hold'em No Limit (50/100) - 2021/04/15 23:23:54 EET [2021/04/15 16:23:54 ET]
Table 'VTPP NLHE' 2-max (Play Money) Seat #1 is the button
Seat 1: s70n3fac3 (10712 in chips) 
Seat 2: FDIBA2009 (14295 in chips) 
s70n3fac3: posts small blind 50
FDIBA2009: posts big blind 100
*** HOLE CARDS ***
Dealt to s70n3fac3 [Ac 8c]
s70n3fac3: raises 100 to 200
FDIBA2009: calls 100
*** FLOP *** [7h 4d 8d]
FDIBA2009: checks 
s70n3fac3: bets 200
FDIBA2009: folds 
Uncalled bet (200) returned to s70n3fac3
s70n3fac3 collected 378 from pot
s70n3fac3: doesn't show hand 
*** SUMMARY ***
Total pot 400 | Rake 22 
Board [7h 4d 8d]
Seat 1: s70n3fac3 (button) (small blind) collected (378)
Seat 2: FDIBA2009 (big blind) folded on the Flop



PokerStars Home Game Hand #225870448209: {Club #4781089}  Hold'em No Limit (50/100) - 2021/04/15 23:24:09 EET [2021/04/15 16:24:09 ET]
Table 'VTPP NLHE' 2-max (Play Money) Seat #2 is the button
Seat 1: s70n3fac3 (10890 in chips) 
Seat 2: FDIBA2009 (14095 in chips) 
FDIBA2009: posts small blind 50
s70n3fac3: posts big blind 100
*** HOLE CARDS ***
Dealt to s70n3fac3 [Jh 5d]
FDIBA2009: raises 100 to 200
s70n3fac3: folds 
Uncalled bet (100) returned to FDIBA2009
FDIBA2009 collected 200 from pot
*** SUMMARY ***
Total pot 200 | Rake 0 
Seat 1: s70n3fac3 (big blind) folded before Flop
Seat 2: FDIBA2009 (button) (small blind) collected (200)



PokerStars Home Game Hand #225870452213: {Club #4781089}  Hold'em No Limit (50/100) - 2021/04/15 23:24:15 EET [2021/04/15 16:24:15 ET]
Table 'VTPP NLHE' 2-max (Play Money) Seat #1 is the button
Seat 1: s70n3fac3 (10790 in chips) 
Seat 2: FDIBA2009 (14195 in chips) 
s70n3fac3: posts small blind 50
FDIBA2009: posts big blind 100
*** HOLE CARDS ***
Dealt to s70n3fac3 [4s 7h]
s70n3fac3: folds 
Uncalled bet (50) returned to FDIBA2009
FDIBA2009 collected 100 from pot
*** SUMMARY ***
Total pot 100 | Rake 0 
Seat 1: s70n3fac3 (button) (small blind) folded before Flop
Seat 2: FDIBA2009 (big blind) collected (100)



PokerStars Home Game Hand #225870454779: {Club #4781089}  Hold'em No Limit (50/100) - 2021/04/15 23:24:19 EET [2021/04/15 16:24:19 ET]
Table 'VTPP NLHE' 2-max (Play Money) Seat #2 is the button
Seat 1: s70n3fac3 (10740 in chips) 
Seat 2: FDIBA2009 (14245 in chips) 
FDIBA2009: posts small blind 50
s70n3fac3: posts big blind 100
*** HOLE CARDS ***
Dealt to s70n3fac3 [Js Ks]
FDIBA2009: raises 100 to 200
s70n3fac3: raises 300 to 500
FDIBA2009: folds 
Uncalled bet (300) returned to s70n3fac3
s70n3fac3 collected 400 from pot
s70n3fac3: doesn't show hand 
*** SUMMARY ***
Total pot 400 | Rake 0 
Seat 1: s70n3fac3 (big blind) collected (400)
Seat 2: FDIBA2009 (button) (small blind) folded before Flop



PokerStars Home Game Hand #225870460601: {Club #4781089}  Hold'em No Limit (50/100) - 2021/04/15 23:24:27 EET [2021/04/15 16:24:27 ET]
Table 'VTPP NLHE' 2-max (Play Money) Seat #1 is the button
Seat 1: s70n3fac3 (10940 in chips) 
Seat 2: FDIBA2009 (14045 in chips) 
s70n3fac3: posts small blind 50
FDIBA2009: posts big blind 100
*** HOLE CARDS ***
Dealt to s70n3fac3 [Js 9d]
s70n3fac3: raises 100 to 200
FDIBA2009: calls 100
*** FLOP *** [8h 3h Tc]
FDIBA2009: checks 
s70n3fac3: bets 200
FDIBA2009: folds 
Uncalled bet (200) returned to s70n3fac3
s70n3fac3 collected 378 from pot
s70n3fac3: doesn't show hand 
*** SUMMARY ***
Total pot 400 | Rake 22 
Board [8h 3h Tc]
Seat 1: s70n3fac3 (button) (small blind) collected (378)
Seat 2: FDIBA2009 (big blind) folded on the Flop



PokerStars Home Game Hand #225870468254: {Club #4781089}  Hold'em No Limit (50/100) - 2021/04/15 23:24:38 EET [2021/04/15 16:24:38 ET]
Table 'VTPP NLHE' 2-max (Play Money) Seat #2 is the button
Seat 1: s70n3fac3 (11118 in chips) 
Seat 2: FDIBA2009 (13845 in chips) 
FDIBA2009: posts small blind 50
s70n3fac3: posts big blind 100
*** HOLE CARDS ***
Dealt to s70n3fac3 [Jc 4c]
FDIBA2009: raises 100 to 200
s70n3fac3: calls 100
*** FLOP *** [Kc Kd 5s]
s70n3fac3: checks 
FDIBA2009: checks 
*** TURN *** [Kc Kd 5s] [6s]
s70n3fac3: checks 
FDIBA2009: bets 189
s70n3fac3: folds 
Uncalled bet (189) returned to FDIBA2009
FDIBA2009 collected 378 from pot
*** SUMMARY ***
Total pot 400 | Rake 22 
Board [Kc Kd 5s 6s]
Seat 1: s70n3fac3 (big blind) folded on the Turn
Seat 2: FDIBA2009 (button) (small blind) collected (378)



PokerStars Home Game Hand #225870477701: {Club #4781089}  Hold'em No Limit (50/100) - 2021/04/15 23:24:52 EET [2021/04/15 16:24:52 ET]
Table 'VTPP NLHE' 2-max (Play Money) Seat #1 is the button
Seat 1: s70n3fac3 (10918 in chips) 
Seat 2: FDIBA2009 (14023 in chips) 
s70n3fac3: posts small blind 50
FDIBA2009: posts big blind 100
*** HOLE CARDS ***
Dealt to s70n3fac3 [7c 5s]
s70n3fac3: folds 
Uncalled bet (50) returned to FDIBA2009
FDIBA2009 collected 100 from pot
*** SUMMARY ***
Total pot 100 | Rake 0 
Seat 1: s70n3fac3 (button) (small blind) folded before Flop
Seat 2: FDIBA2009 (big blind) collected (100)



PokerStars Home Game Hand #225870480412: {Club #4781089}  Hold'em No Limit (50/100) - 2021/04/15 23:24:56 EET [2021/04/15 16:24:56 ET]
Table 'VTPP NLHE' 2-max (Play Money) Seat #2 is the button
Seat 1: s70n3fac3 (10868 in chips) 
Seat 2: FDIBA2009 (14073 in chips) 
FDIBA2009: posts small blind 50
s70n3fac3: posts big blind 100
*** HOLE CARDS ***
Dealt to s70n3fac3 [Td Kh]
FDIBA2009: raises 100 to 200
s70n3fac3: calls 100
*** FLOP *** [7c 8c 9c]
s70n3fac3: checks 
FDIBA2009: checks 
*** TURN *** [7c 8c 9c] [6s]
s70n3fac3: bets 200
FDIBA2009: folds 
Uncalled bet (200) returned to s70n3fac3
s70n3fac3 collected 378 from pot
s70n3fac3: doesn't show hand 
*** SUMMARY ***
Total pot 400 | Rake 22 
Board [7c 8c 9c 6s]
Seat 1: s70n3fac3 (big blind) collected (378)
Seat 2: FDIBA2009 (button) (small blind) folded on the Turn



PokerStars Home Game Hand #225870488135: {Club #4781089}  Hold'em No Limit (50/100) - 2021/04/15 23:25:07 EET [2021/04/15 16:25:07 ET]
Table 'VTPP NLHE' 2-max (Play Money) Seat #1 is the button
Seat 1: s70n3fac3 (11046 in chips) 
Seat 2: FDIBA2009 (13873 in chips) 
s70n3fac3: posts small blind 50
FDIBA2009: posts big blind 100
*** HOLE CARDS ***
Dealt to s70n3fac3 [6h Qc]
s70n3fac3: calls 50
FDIBA2009: checks 
*** FLOP *** [Th Qd 6d]
FDIBA2009: checks 
s70n3fac3: bets 200
FDIBA2009: folds 
Uncalled bet (200) returned to s70n3fac3
s70n3fac3 collected 189 from pot
s70n3fac3: doesn't show hand 
*** SUMMARY ***
Total pot 200 | Rake 11 
Board [Th Qd 6d]
Seat 1: s70n3fac3 (button) (small blind) collected (189)
Seat 2: FDIBA2009 (big blind) folded on the Flop



PokerStars Home Game Hand #225870494822: {Club #4781089}  Hold'em No Limit (50/100) - 2021/04/15 23:25:17 EET [2021/04/15 16:25:17 ET]
Table 'VTPP NLHE' 2-max (Play Money) Seat #2 is the button
Seat 1: s70n3fac3 (11135 in chips) 
Seat 2: FDIBA2009 (13773 in chips) 
FDIBA2009: posts small blind 50
s70n3fac3: posts big blind 100
*** HOLE CARDS ***
Dealt to s70n3fac3 [9s 3s]
FDIBA2009: raises 100 to 200
s70n3fac3: calls 100
*** FLOP *** [7h Th 3h]
s70n3fac3: checks 
FDIBA2009: checks 
*** TURN *** [7h Th 3h] [6d]
s70n3fac3: checks 
FDIBA2009: bets 378
s70n3fac3: folds 
Uncalled bet (378) returned to FDIBA2009
FDIBA2009 collected 378 from pot
*** SUMMARY ***
Total pot 400 | Rake 22 
Board [7h Th 3h 6d]
Seat 1: s70n3fac3 (big blind) folded on the Turn
Seat 2: FDIBA2009 (button) (small blind) collected (378)



PokerStars Home Game Hand #225870503026: {Club #4781089}  Hold'em No Limit (50/100) - 2021/04/15 23:25:29 EET [2021/04/15 16:25:29 ET]
Table 'VTPP NLHE' 2-max (Play Money) Seat #1 is the button
Seat 1: s70n3fac3 (10935 in chips) 
Seat 2: FDIBA2009 (13951 in chips) 
s70n3fac3: posts small blind 50
FDIBA2009: posts big blind 100
*** HOLE CARDS ***
Dealt to s70n3fac3 [3s Td]
s70n3fac3: folds 
Uncalled bet (50) returned to FDIBA2009
FDIBA2009 collected 100 from pot
*** SUMMARY ***
Total pot 100 | Rake 0 
Seat 1: s70n3fac3 (button) (small blind) folded before Flop
Seat 2: FDIBA2009 (big blind) collected (100)



PokerStars Home Game Hand #225870505577: {Club #4781089}  Hold'em No Limit (50/100) - 2021/04/15 23:25:33 EET [2021/04/15 16:25:33 ET]
Table 'VTPP NLHE' 2-max (Play Money) Seat #2 is the button
Seat 1: s70n3fac3 (10885 in chips) 
Seat 2: FDIBA2009 (14001 in chips) 
FDIBA2009: posts small blind 50
s70n3fac3: posts big blind 100
*** HOLE CARDS ***
Dealt to s70n3fac3 [Qh 6h]
FDIBA2009: raises 100 to 200
s70n3fac3: calls 100
*** FLOP *** [4h 4c 8h]
s70n3fac3: checks 
FDIBA2009: bets 378
s70n3fac3: calls 378
*** TURN *** [4h 4c 8h] [Qc]
s70n3fac3: checks 
FDIBA2009: bets 1092
s70n3fac3: calls 1092
*** RIVER *** [4h 4c 8h Qc] [3h]
s70n3fac3: checks 
FDIBA2009: checks 
*** SHOW DOWN ***
s70n3fac3: shows [Qh 6h] (a flush, Queen high)
FDIBA2009: mucks hand 
s70n3fac3 collected 3156 from pot
*** SUMMARY ***
Total pot 3340 | Rake 184 
Board [4h 4c 8h Qc 3h]
Seat 1: s70n3fac3 (big blind) showed [Qh 6h] and won (3156) with a flush, Queen high
Seat 2: FDIBA2009 (button) (small blind) mucked [3d 2d]



PokerStars Home Game Hand #225870524117: {Club #4781089}  Hold'em No Limit (50/100) - 2021/04/15 23:26:00 EET [2021/04/15 16:26:00 ET]
Table 'VTPP NLHE' 2-max (Play Money) Seat #1 is the button
Seat 1: s70n3fac3 (12371 in chips) 
Seat 2: FDIBA2009 (12331 in chips) 
s70n3fac3: posts small blind 50
FDIBA2009: posts big blind 100
*** HOLE CARDS ***
Dealt to s70n3fac3 [Ks Jc]
s70n3fac3: raises 100 to 200
FDIBA2009: folds 
Uncalled bet (100) returned to s70n3fac3
s70n3fac3 collected 200 from pot
s70n3fac3: doesn't show hand 
*** SUMMARY ***
Total pot 200 | Rake 0 
Seat 1: s70n3fac3 (button) (small blind) collected (200)
Seat 2: FDIBA2009 (big blind) folded before Flop



PokerStars Home Game Hand #225870527477: {Club #4781089}  Hold'em No Limit (50/100) - 2021/04/15 23:26:04 EET [2021/04/15 16:26:04 ET]
Table 'VTPP NLHE' 2-max (Play Money) Seat #2 is the button
Seat 1: s70n3fac3 (12471 in chips) 
Seat 2: FDIBA2009 (12231 in chips) 
FDIBA2009: posts small blind 50
s70n3fac3: posts big blind 100
*** HOLE CARDS ***
Dealt to s70n3fac3 [Qd Th]
FDIBA2009: raises 200 to 300
s70n3fac3: calls 200
*** FLOP *** [8h 6c Jc]
s70n3fac3: checks 
FDIBA2009: bets 567
s70n3fac3: calls 567
*** TURN *** [8h 6c Jc] [4h]
s70n3fac3: checks 
FDIBA2009: bets 819
s70n3fac3: calls 819
*** RIVER *** [8h 6c Jc 4h] [9s]
s70n3fac3: bets 785
FDIBA2009: calls 785
*** SHOW DOWN ***
s70n3fac3: shows [Qd Th] (a straight, Eight to Queen)
FDIBA2009: mucks hand 
s70n3fac3 collected 4670 from pot
*** SUMMARY ***
Total pot 4942 | Rake 272 
Board [8h 6c Jc 4h 9s]
Seat 1: s70n3fac3 (big blind) showed [Qd Th] and won (4670) with a straight, Eight to Queen
Seat 2: FDIBA2009 (button) (small blind) mucked [Js Ts]



PokerStars Home Game Hand #225870560505: {Club #4781089}  Hold'em No Limit (50/100) - 2021/04/15 23:26:39 EET [2021/04/15 16:26:39 ET]
Table 'VTPP NLHE' 2-max (Play Money) Seat #1 is the button
Seat 1: s70n3fac3 (14670 in chips) 
Seat 2: FDIBA2009 (9760 in chips) 
s70n3fac3: posts small blind 50
FDIBA2009: posts big blind 100
*** HOLE CARDS ***
Dealt to s70n3fac3 [5c Jc]
s70n3fac3: calls 50
FDIBA2009: raises 200 to 300
s70n3fac3: calls 200
*** FLOP *** [Jd 7d 2s]
FDIBA2009: checks 
s70n3fac3: bets 200
FDIBA2009: folds 
Uncalled bet (200) returned to s70n3fac3
s70n3fac3 collected 567 from pot
s70n3fac3: doesn't show hand 
*** SUMMARY ***
Total pot 600 | Rake 33 
Board [Jd 7d 2s]
Seat 1: s70n3fac3 (button) (small blind) collected (567)
Seat 2: FDIBA2009 (big blind) folded on the Flop



PokerStars Home Game Hand #225870572966: {Club #4781089}  Hold'em No Limit (50/100) - 2021/04/15 23:26:57 EET [2021/04/15 16:26:57 ET]
Table 'VTPP NLHE' 2-max (Play Money) Seat #2 is the button
Seat 1: s70n3fac3 (14937 in chips) 
Seat 2: FDIBA2009 (9460 in chips) 
FDIBA2009: posts small blind 50
s70n3fac3: posts big blind 100
*** HOLE CARDS ***
Dealt to s70n3fac3 [6s 6c]
FDIBA2009: raises 200 to 300
s70n3fac3: calls 200
*** FLOP *** [Jd 2h Kc]
s70n3fac3: checks 
FDIBA2009: bets 567
s70n3fac3: folds 
Uncalled bet (567) returned to FDIBA2009
FDIBA2009 collected 567 from pot
*** SUMMARY ***
Total pot 600 | Rake 33 
Board [Jd 2h Kc]
Seat 1: s70n3fac3 (big blind) folded on the Flop
Seat 2: FDIBA2009 (button) (small blind) collected (567)



PokerStars Home Game Hand #225870582075: {Club #4781089}  Hold'em No Limit (50/100) - 2021/04/15 23:27:10 EET [2021/04/15 16:27:10 ET]
Table 'VTPP NLHE' 2-max (Play Money) Seat #1 is the button
Seat 1: s70n3fac3 (14637 in chips) 
Seat 2: FDIBA2009 (9727 in chips) 
s70n3fac3: posts small blind 50
FDIBA2009: posts big blind 100
*** HOLE CARDS ***
Dealt to s70n3fac3 [Td As]
s70n3fac3: raises 100 to 200
FDIBA2009: calls 100
*** FLOP *** [5h 9h 9s]
FDIBA2009: checks 
s70n3fac3: bets 200
FDIBA2009: calls 200
*** TURN *** [5h 9h 9s] [8c]
FDIBA2009: checks 
s70n3fac3: checks 
*** RIVER *** [5h 9h 9s 8c] [8d]
FDIBA2009: bets 756
s70n3fac3: calls 756
*** SHOW DOWN ***
FDIBA2009: shows [8s 6c] (a full house, Eights full of Nines)
s70n3fac3: mucks hand 
FDIBA2009 collected 2185 from pot
*** SUMMARY ***
Total pot 2312 | Rake 127 
Board [5h 9h 9s 8c 8d]
Seat 1: s70n3fac3 (button) (small blind) mucked [Td As]
Seat 2: FDIBA2009 (big blind) showed [8s 6c] and won (2185) with a full house, Eights full of Nines



PokerStars Home Game Hand #225870598885: {Club #4781089}  Hold'em No Limit (50/100) - 2021/04/15 23:27:35 EET [2021/04/15 16:27:35 ET]
Table 'VTPP NLHE' 2-max (Play Money) Seat #2 is the button
Seat 1: s70n3fac3 (13481 in chips) 
Seat 2: FDIBA2009 (10756 in chips) 
FDIBA2009: posts small blind 50
s70n3fac3: posts big blind 100
*** HOLE CARDS ***
Dealt to s70n3fac3 [8c Ts]
FDIBA2009: raises 100 to 200
s70n3fac3: calls 100
*** FLOP *** [9d 4h 6c]
s70n3fac3: checks 
FDIBA2009: checks 
*** TURN *** [9d 4h 6c] [7h]
s70n3fac3: checks 
FDIBA2009: bets 189
s70n3fac3: calls 189
*** RIVER *** [9d 4h 6c 7h] [Jh]
s70n3fac3: checks 
FDIBA2009: checks 
*** SHOW DOWN ***
s70n3fac3: shows [8c Ts] (a straight, Seven to Jack)
FDIBA2009: mucks hand 
s70n3fac3 collected 735 from pot
*** SUMMARY ***
Total pot 778 | Rake 43 
Board [9d 4h 6c 7h Jh]
Seat 1: s70n3fac3 (big blind) showed [8c Ts] and won (735) with a straight, Seven to Jack
Seat 2: FDIBA2009 (button) (small blind) mucked [2d 7c]



PokerStars Home Game Hand #225870618523: {Club #4781089}  Hold'em No Limit (50/100) - 2021/04/15 23:28:03 EET [2021/04/15 16:28:03 ET]
Table 'VTPP NLHE' 2-max (Play Money) Seat #1 is the button
Seat 1: s70n3fac3 (13827 in chips) 
Seat 2: FDIBA2009 (10367 in chips) 
s70n3fac3: posts small blind 50
FDIBA2009: posts big blind 100
*** HOLE CARDS ***
Dealt to s70n3fac3 [Qh Ac]
s70n3fac3: raises 100 to 200
FDIBA2009: calls 100
*** FLOP *** [3h 4d 3s]
FDIBA2009: bets 378
s70n3fac3: folds 
Uncalled bet (378) returned to FDIBA2009
FDIBA2009 collected 378 from pot
*** SUMMARY ***
Total pot 400 | Rake 22 
Board [3h 4d 3s]
Seat 1: s70n3fac3 (button) (small blind) folded on the Flop
Seat 2: FDIBA2009 (big blind) collected (378)



PokerStars Home Game Hand #225870625919: {Club #4781089}  Hold'em No Limit (50/100) - 2021/04/15 23:28:14 EET [2021/04/15 16:28:14 ET]
Table 'VTPP NLHE' 2-max (Play Money) Seat #2 is the button
Seat 1: s70n3fac3 (13627 in chips) 
Seat 2: FDIBA2009 (10545 in chips) 
FDIBA2009: posts small blind 50
s70n3fac3: posts big blind 100
*** HOLE CARDS ***
Dealt to s70n3fac3 [7c 5d]
FDIBA2009: raises 100 to 200
s70n3fac3: calls 100
*** FLOP *** [6h Th 8c]
s70n3fac3: checks 
FDIBA2009: checks 
*** TURN *** [6h Th 8c] [Ac]
s70n3fac3: checks 
FDIBA2009: bets 378
s70n3fac3: calls 378
*** RIVER *** [6h Th 8c Ac] [9c]
s70n3fac3: bets 300
FDIBA2009: raises 300 to 600
s70n3fac3: calls 300
*** SHOW DOWN ***
FDIBA2009: shows [2d 7h] (a straight, Six to Ten)
s70n3fac3: shows [7c 5d] (a straight, Six to Ten)
s70n3fac3 collected 1113 from pot
FDIBA2009 collected 1113 from pot
*** SUMMARY ***
Total pot 2356 | Rake 130 
Board [6h Th 8c Ac 9c]
Seat 1: s70n3fac3 (big blind) showed [7c 5d] and won (1113) with a straight, Six to Ten
Seat 2: FDIBA2009 (button) (small blind) showed [2d 7h] and won (1113) with a straight, Six to Ten



PokerStars Home Game Hand #225870641024: {Club #4781089}  Hold'em No Limit (50/100) - 2021/04/15 23:28:36 EET [2021/04/15 16:28:36 ET]
Table 'VTPP NLHE' 2-max (Play Money) Seat #1 is the button
Seat 1: s70n3fac3 (13562 in chips) 
Seat 2: FDIBA2009 (10480 in chips) 
s70n3fac3: posts small blind 50
FDIBA2009: posts big blind 100
*** HOLE CARDS ***
Dealt to s70n3fac3 [6s 4s]
s70n3fac3: calls 50
FDIBA2009: raises 200 to 300
s70n3fac3: calls 200
*** FLOP *** [Ks Ts Ac]
FDIBA2009: bets 283
s70n3fac3: calls 283
*** TURN *** [Ks Ts Ac] [4d]
FDIBA2009: bets 1102
s70n3fac3: folds 
Uncalled bet (1102) returned to FDIBA2009
FDIBA2009 collected 1102 from pot
*** SUMMARY ***
Total pot 1166 | Rake 64 
Board [Ks Ts Ac 4d]
Seat 1: s70n3fac3 (button) (small blind) folded on the Turn
Seat 2: FDIBA2009 (big blind) collected (1102)



PokerStars Home Game Hand #225870667748: {Club #4781089}  Hold'em No Limit (50/100) - 2021/04/15 23:29:16 EET [2021/04/15 16:29:16 ET]
Table 'VTPP NLHE' 2-max (Play Money) Seat #2 is the button
Seat 1: s70n3fac3 (12979 in chips) 
Seat 2: FDIBA2009 (10999 in chips) 
FDIBA2009: posts small blind 50
s70n3fac3: posts big blind 100
*** HOLE CARDS ***
Dealt to s70n3fac3 [Js 6s]
FDIBA2009: raises 100 to 200
s70n3fac3: calls 100
*** FLOP *** [8h Jh 2h]
s70n3fac3: bets 200
FDIBA2009: calls 200
*** TURN *** [8h Jh 2h] [5s]
s70n3fac3: bets 300
FDIBA2009: calls 300
*** RIVER *** [8h Jh 2h 5s] [Qc]
s70n3fac3: bets 400
FDIBA2009: folds 
Uncalled bet (400) returned to s70n3fac3
s70n3fac3 collected 1323 from pot
s70n3fac3: doesn't show hand 
*** SUMMARY ***
Total pot 1400 | Rake 77 
Board [8h Jh 2h 5s Qc]
Seat 1: s70n3fac3 (big blind) collected (1323)
Seat 2: FDIBA2009 (button) (small blind) folded on the River



PokerStars Home Game Hand #225870681551: {Club #4781089}  Hold'em No Limit (50/100) - 2021/04/15 23:29:36 EET [2021/04/15 16:29:36 ET]
Table 'VTPP NLHE' 2-max (Play Money) Seat #1 is the button
Seat 1: s70n3fac3 (13602 in chips) 
Seat 2: FDIBA2009 (10299 in chips) 
s70n3fac3: posts small blind 50
FDIBA2009: posts big blind 100
*** HOLE CARDS ***
Dealt to s70n3fac3 [4d 6s]
s70n3fac3: calls 50
FDIBA2009: raises 200 to 300
s70n3fac3: folds 
Uncalled bet (200) returned to FDIBA2009
FDIBA2009 collected 200 from pot
*** SUMMARY ***
Total pot 200 | Rake 0 
Seat 1: s70n3fac3 (button) (small blind) folded before Flop
Seat 2: FDIBA2009 (big blind) collected (200)



PokerStars Home Game Hand #225870686017: {Club #4781089}  Hold'em No Limit (50/100) - 2021/04/15 23:29:43 EET [2021/04/15 16:29:43 ET]
Table 'VTPP NLHE' 2-max (Play Money) Seat #2 is the button
Seat 1: s70n3fac3 (13502 in chips) 
Seat 2: FDIBA2009 (10399 in chips) 
FDIBA2009: posts small blind 50
s70n3fac3: posts big blind 100
*** HOLE CARDS ***
Dealt to s70n3fac3 [As 9h]
FDIBA2009: raises 100 to 200
s70n3fac3: raises 300 to 500
FDIBA2009: calls 300
*** FLOP *** [5h 3d Ah]
s70n3fac3: bets 500
FDIBA2009: calls 500
*** TURN *** [5h 3d Ah] [Kc]
s70n3fac3: checks 
FDIBA2009: checks 
*** RIVER *** [5h 3d Ah Kc] [Kh]
s70n3fac3: checks 
FDIBA2009: bets 945
s70n3fac3: calls 945
*** SHOW DOWN ***
FDIBA2009: shows [6s Ac] (two pair, Aces and Kings)
s70n3fac3: shows [As 9h] (two pair, Aces and Kings - Nine kicker)
s70n3fac3 collected 3676 from pot
*** SUMMARY ***
Total pot 3890 | Rake 214 
Board [5h 3d Ah Kc Kh]
Seat 1: s70n3fac3 (big blind) showed [As 9h] and won (3676) with two pair, Aces and Kings
Seat 2: FDIBA2009 (button) (small blind) showed [6s Ac] and lost with two pair, Aces and Kings



PokerStars Home Game Hand #225870711645: {Club #4781089}  Hold'em No Limit (50/100) - 2021/04/15 23:30:20 EET [2021/04/15 16:30:20 ET]
Table 'VTPP NLHE' 2-max (Play Money) Seat #1 is the button
Seat 1: s70n3fac3 (15233 in chips) 
Seat 2: FDIBA2009 (8454 in chips) 
s70n3fac3: posts small blind 50
FDIBA2009: posts big blind 100
*** HOLE CARDS ***
Dealt to s70n3fac3 [7h 8s]
s70n3fac3: calls 50
FDIBA2009: raises 200 to 300
s70n3fac3: calls 200
*** FLOP *** [2d 5h Kd]
FDIBA2009: checks 
s70n3fac3: checks 
*** TURN *** [2d 5h Kd] [8d]
FDIBA2009: checks 
s70n3fac3: bets 200
FDIBA2009: calls 200
*** RIVER *** [2d 5h Kd 8d] [5c]
FDIBA2009: checks 
s70n3fac3: bets 400
FDIBA2009: folds 
Uncalled bet (400) returned to s70n3fac3
s70n3fac3 collected 945 from pot
s70n3fac3: doesn't show hand 
*** SUMMARY ***
Total pot 1000 | Rake 55 
Board [2d 5h Kd 8d 5c]
Seat 1: s70n3fac3 (button) (small blind) collected (945)
Seat 2: FDIBA2009 (big blind) folded on the River



PokerStars Home Game Hand #225870734277: {Club #4781089}  Hold'em No Limit (50/100) - 2021/04/15 23:30:54 EET [2021/04/15 16:30:54 ET]
Table 'VTPP NLHE' 2-max (Play Money) Seat #2 is the button
Seat 1: s70n3fac3 (15678 in chips) 
Seat 2: FDIBA2009 (7954 in chips) 
FDIBA2009: posts small blind 50
s70n3fac3: posts big blind 100
*** HOLE CARDS ***
Dealt to s70n3fac3 [4d 4c]
FDIBA2009: raises 100 to 200
s70n3fac3: calls 100
*** FLOP *** [Qd 8s Tc]
s70n3fac3: checks 
FDIBA2009: checks 
*** TURN *** [Qd 8s Tc] [Js]
s70n3fac3: checks 
FDIBA2009: bets 378
s70n3fac3: folds 
Uncalled bet (378) returned to FDIBA2009
FDIBA2009 collected 378 from pot
*** SUMMARY ***
Total pot 400 | Rake 22 
Board [Qd 8s Tc Js]
Seat 1: s70n3fac3 (big blind) folded on the Turn
Seat 2: FDIBA2009 (button) (small blind) collected (378)



PokerStars Home Game Hand #225870743634: {Club #4781089}  Hold'em No Limit (50/100) - 2021/04/15 23:31:08 EET [2021/04/15 16:31:08 ET]
Table 'VTPP NLHE' 2-max (Play Money) Seat #1 is the button
Seat 1: s70n3fac3 (15478 in chips) 
Seat 2: FDIBA2009 (8132 in chips) 
s70n3fac3: posts small blind 50
FDIBA2009: posts big blind 100
*** HOLE CARDS ***
Dealt to s70n3fac3 [3c 2s]
s70n3fac3: folds 
Uncalled bet (50) returned to FDIBA2009
FDIBA2009 collected 100 from pot
*** SUMMARY ***
Total pot 100 | Rake 0 
Seat 1: s70n3fac3 (button) (small blind) folded before Flop
Seat 2: FDIBA2009 (big blind) collected (100)



PokerStars Home Game Hand #225870746136: {Club #4781089}  Hold'em No Limit (50/100) - 2021/04/15 23:31:12 EET [2021/04/15 16:31:12 ET]
Table 'VTPP NLHE' 2-max (Play Money) Seat #2 is the button
Seat 1: s70n3fac3 (15428 in chips) 
Seat 2: FDIBA2009 (8182 in chips) 
FDIBA2009: posts small blind 50
s70n3fac3: posts big blind 100
*** HOLE CARDS ***
Dealt to s70n3fac3 [Ac Ks]
FDIBA2009: raises 100 to 200
s70n3fac3: raises 400 to 600
FDIBA2009: folds 
Uncalled bet (400) returned to s70n3fac3
s70n3fac3 collected 400 from pot
s70n3fac3: doesn't show hand 
*** SUMMARY ***
Total pot 400 | Rake 0 
Seat 1: s70n3fac3 (big blind) collected (400)
Seat 2: FDIBA2009 (button) (small blind) folded before Flop



PokerStars Home Game Hand #225870757627: {Club #4781089}  Hold'em No Limit (50/100) - 2021/04/15 23:31:29 EET [2021/04/15 16:31:29 ET]
Table 'VTPP NLHE' 2-max (Play Money) Seat #1 is the button
Seat 1: s70n3fac3 (15628 in chips) 
Seat 2: FDIBA2009 (7982 in chips) 
s70n3fac3: posts small blind 50
FDIBA2009: posts big blind 100
*** HOLE CARDS ***
Dealt to s70n3fac3 [4c 4h]
s70n3fac3: raises 100 to 200
FDIBA2009 said, "250"
FDIBA2009: raises 100 to 300
s70n3fac3 said, "?"
s70n3fac3: calls 100
*** FLOP *** [6h Qs 9h]
FDIBA2009 said, "hands"
FDIBA2009: checks 
s70n3fac3 said, "(y)"
s70n3fac3: checks 
*** TURN *** [6h Qs 9h] [2s]
FDIBA2009: bets 283
s70n3fac3: calls 283
*** RIVER *** [6h Qs 9h 2s] [9d]
FDIBA2009: checks 
s70n3fac3: checks 
*** SHOW DOWN ***
FDIBA2009: shows [8h 8c] (two pair, Nines and Eights)
s70n3fac3: mucks hand 
FDIBA2009 collected 1102 from pot
*** SUMMARY ***
Total pot 1166 | Rake 64 
Board [6h Qs 9h 2s 9d]
Seat 1: s70n3fac3 (button) (small blind) mucked [4c 4h]
Seat 2: FDIBA2009 (big blind) showed [8h 8c] and won (1102) with two pair, Nines and Eights



PokerStars Home Game Hand #225870794406: {Club #4781089}  Hold'em No Limit (50/100) - 2021/04/15 23:32:18 EET [2021/04/15 16:32:18 ET]
Table 'VTPP NLHE' 2-max (Play Money) Seat #2 is the button
Seat 1: s70n3fac3 (15045 in chips) 
Seat 2: FDIBA2009 (8501 in chips) 
FDIBA2009: posts small blind 50
s70n3fac3: posts big blind 100
*** HOLE CARDS ***
Dealt to s70n3fac3 [7s Qs]
FDIBA2009: raises 200 to 300
s70n3fac3: calls 200
*** FLOP *** [8h 3d As]
s70n3fac3: checks 
FDIBA2009: bets 283
s70n3fac3: folds 
Uncalled bet (283) returned to FDIBA2009
FDIBA2009 collected 567 from pot
*** SUMMARY ***
Total pot 600 | Rake 33 
Board [8h 3d As]
Seat 1: s70n3fac3 (big blind) folded on the Flop
Seat 2: FDIBA2009 (button) (small blind) collected (567)



PokerStars Home Game Hand #225870810059: {Club #4781089}  Hold'em No Limit (50/100) - 2021/04/15 23:32:41 EET [2021/04/15 16:32:41 ET]
Table 'VTPP NLHE' 2-max (Play Money) Seat #1 is the button
Seat 1: s70n3fac3 (14745 in chips) 
Seat 2: FDIBA2009 (8768 in chips) 
s70n3fac3: posts small blind 50
FDIBA2009: posts big blind 100
*** HOLE CARDS ***
Dealt to s70n3fac3 [4d Kc]
s70n3fac3: calls 50
FDIBA2009: checks 
*** FLOP *** [Td 3d 5c]
FDIBA2009: checks 
s70n3fac3: checks 
*** TURN *** [Td 3d 5c] [Ts]
FDIBA2009: bets 189
s70n3fac3: folds 
Uncalled bet (189) returned to FDIBA2009
FDIBA2009 collected 189 from pot
*** SUMMARY ***
Total pot 200 | Rake 11 
Board [Td 3d 5c Ts]
Seat 1: s70n3fac3 (button) (small blind) folded on the Turn
Seat 2: FDIBA2009 (big blind) collected (189)



PokerStars Home Game Hand #225870821349: {Club #4781089}  Hold'em No Limit (50/100) - 2021/04/15 23:32:58 EET [2021/04/15 16:32:58 ET]
Table 'VTPP NLHE' 2-max (Play Money) Seat #2 is the button
Seat 1: s70n3fac3 (14645 in chips) 
Seat 2: FDIBA2009 (8857 in chips) 
FDIBA2009: posts small blind 50
s70n3fac3: posts big blind 100
*** HOLE CARDS ***
Dealt to s70n3fac3 [4d Qh]
FDIBA2009: raises 100 to 200
s70n3fac3: folds 
Uncalled bet (100) returned to FDIBA2009
FDIBA2009 collected 200 from pot
*** SUMMARY ***
Total pot 200 | Rake 0 
Seat 1: s70n3fac3 (big blind) folded before Flop
Seat 2: FDIBA2009 (button) (small blind) collected (200)



PokerStars Home Game Hand #225870825433: {Club #4781089}  Hold'em No Limit (50/100) - 2021/04/15 23:33:04 EET [2021/04/15 16:33:04 ET]
Table 'VTPP NLHE' 2-max (Play Money) Seat #1 is the button
Seat 1: s70n3fac3 (14545 in chips) 
Seat 2: FDIBA2009 (8957 in chips) 
s70n3fac3: posts small blind 50
FDIBA2009: posts big blind 100
*** HOLE CARDS ***
Dealt to s70n3fac3 [Jc 7c]
s70n3fac3: calls 50
FDIBA2009: checks 
*** FLOP *** [5c 8h 7d]
FDIBA2009: bets 189
s70n3fac3: calls 189
*** TURN *** [5c 8h 7d] [9s]
FDIBA2009: bets 546
s70n3fac3: folds 
Uncalled bet (546) returned to FDIBA2009
FDIBA2009 collected 546 from pot
*** SUMMARY ***
Total pot 578 | Rake 32 
Board [5c 8h 7d 9s]
Seat 1: s70n3fac3 (button) (small blind) folded on the Turn
Seat 2: FDIBA2009 (big blind) collected (546)



PokerStars Home Game Hand #225870839752: {Club #4781089}  Hold'em No Limit (50/100) - 2021/04/15 23:33:25 EET [2021/04/15 16:33:25 ET]
Table 'VTPP NLHE' 2-max (Play Money) Seat #2 is the button
Seat 1: s70n3fac3 (14256 in chips) 
Seat 2: FDIBA2009 (9214 in chips) 
FDIBA2009: posts small blind 50
s70n3fac3: posts big blind 100
*** HOLE CARDS ***
Dealt to s70n3fac3 [9s 4h]
FDIBA2009: raises 100 to 200
s70n3fac3: folds 
Uncalled bet (100) returned to FDIBA2009
FDIBA2009 collected 200 from pot
*** SUMMARY ***
Total pot 200 | Rake 0 
Seat 1: s70n3fac3 (big blind) folded before Flop
Seat 2: FDIBA2009 (button) (small blind) collected (200)



PokerStars Home Game Hand #225870843606: {Club #4781089}  Hold'em No Limit (50/100) - 2021/04/15 23:33:31 EET [2021/04/15 16:33:31 ET]
Table 'VTPP NLHE' 2-max (Play Money) Seat #1 is the button
Seat 1: s70n3fac3 (14156 in chips) 
Seat 2: FDIBA2009 (9314 in chips) 
s70n3fac3: posts small blind 50
FDIBA2009: posts big blind 100
*** HOLE CARDS ***
Dealt to s70n3fac3 [7c 5c]
s70n3fac3: raises 100 to 200
FDIBA2009: calls 100
*** FLOP *** [Tc 9c Jc]
FDIBA2009: checks 
s70n3fac3: bets 200
FDIBA2009: folds 
Uncalled bet (200) returned to s70n3fac3
s70n3fac3 collected 378 from pot
s70n3fac3: doesn't show hand 
*** SUMMARY ***
Total pot 400 | Rake 22 
Board [Tc 9c Jc]
Seat 1: s70n3fac3 (button) (small blind) collected (378)
Seat 2: FDIBA2009 (big blind) folded on the Flop



PokerStars Home Game Hand #225870850340: {Club #4781089}  Hold'em No Limit (50/100) - 2021/04/15 23:33:41 EET [2021/04/15 16:33:41 ET]
Table 'VTPP NLHE' 2-max (Play Money) Seat #2 is the button
Seat 1: s70n3fac3 (14334 in chips) 
Seat 2: FDIBA2009 (9114 in chips) 
FDIBA2009: posts small blind 50
s70n3fac3: posts big blind 100
*** HOLE CARDS ***
Dealt to s70n3fac3 [3c 6d]
FDIBA2009: raises 100 to 200
s70n3fac3: folds 
Uncalled bet (100) returned to FDIBA2009
FDIBA2009 collected 200 from pot
*** SUMMARY ***
Total pot 200 | Rake 0 
Seat 1: s70n3fac3 (big blind) folded before Flop
Seat 2: FDIBA2009 (button) (small blind) collected (200)



PokerStars Home Game Hand #225870853736: {Club #4781089}  Hold'em No Limit (50/100) - 2021/04/15 23:33:46 EET [2021/04/15 16:33:46 ET]
Table 'VTPP NLHE' 2-max (Play Money) Seat #1 is the button
Seat 1: s70n3fac3 (14234 in chips) 
Seat 2: FDIBA2009 (9214 in chips) 
s70n3fac3: posts small blind 50
FDIBA2009: posts big blind 100
*** HOLE CARDS ***
Dealt to s70n3fac3 [Td 4h]
s70n3fac3: folds 
Uncalled bet (50) returned to FDIBA2009
FDIBA2009 collected 100 from pot
*** SUMMARY ***
Total pot 100 | Rake 0 
Seat 1: s70n3fac3 (button) (small blind) folded before Flop
Seat 2: FDIBA2009 (big blind) collected (100)



PokerStars Home Game Hand #225870856464: {Club #4781089}  Hold'em No Limit (50/100) - 2021/04/15 23:33:50 EET [2021/04/15 16:33:50 ET]
Table 'VTPP NLHE' 2-max (Play Money) Seat #2 is the button
Seat 1: s70n3fac3 (14184 in chips) 
Seat 2: FDIBA2009 (9264 in chips) 
FDIBA2009: posts small blind 50
s70n3fac3: posts big blind 100
*** HOLE CARDS ***
Dealt to s70n3fac3 [3s Qh]
FDIBA2009: raises 100 to 200
s70n3fac3: folds 
Uncalled bet (100) returned to FDIBA2009
FDIBA2009 collected 200 from pot
*** SUMMARY ***
Total pot 200 | Rake 0 
Seat 1: s70n3fac3 (big blind) folded before Flop
Seat 2: FDIBA2009 (button) (small blind) collected (200)



PokerStars Home Game Hand #225870860582: {Club #4781089}  Hold'em No Limit (50/100) - 2021/04/15 23:33:56 EET [2021/04/15 16:33:56 ET]
Table 'VTPP NLHE' 2-max (Play Money) Seat #1 is the button
Seat 1: s70n3fac3 (14084 in chips) 
Seat 2: FDIBA2009 (9364 in chips) 
s70n3fac3: posts small blind 50
FDIBA2009: posts big blind 100
*** HOLE CARDS ***
Dealt to s70n3fac3 [8c 2h]
s70n3fac3: folds 
Uncalled bet (50) returned to FDIBA2009
FDIBA2009 collected 100 from pot
*** SUMMARY ***
Total pot 100 | Rake 0 
Seat 1: s70n3fac3 (button) (small blind) folded before Flop
Seat 2: FDIBA2009 (big blind) collected (100)



PokerStars Home Game Hand #225870863272: {Club #4781089}  Hold'em No Limit (50/100) - 2021/04/15 23:34:00 EET [2021/04/15 16:34:00 ET]
Table 'VTPP NLHE' 2-max (Play Money) Seat #2 is the button
Seat 1: s70n3fac3 (14034 in chips) 
Seat 2: FDIBA2009 (9414 in chips) 
FDIBA2009: posts small blind 50
s70n3fac3: posts big blind 100
*** HOLE CARDS ***
Dealt to s70n3fac3 [3s 3c]
FDIBA2009: raises 100 to 200
s70n3fac3: calls 100
*** FLOP *** [Jc Qh 6h]
s70n3fac3: checks 
FDIBA2009: bets 189
s70n3fac3: folds 
Uncalled bet (189) returned to FDIBA2009
FDIBA2009 collected 378 from pot
*** SUMMARY ***
Total pot 400 | Rake 22 
Board [Jc Qh 6h]
Seat 1: s70n3fac3 (big blind) folded on the Flop
Seat 2: FDIBA2009 (button) (small blind) collected (378)



PokerStars Home Game Hand #225870876949: {Club #4781089}  Hold'em No Limit (50/100) - 2021/04/15 23:34:21 EET [2021/04/15 16:34:21 ET]
Table 'VTPP NLHE' 2-max (Play Money) Seat #1 is the button
Seat 1: s70n3fac3 (13834 in chips) 
Seat 2: FDIBA2009 (9592 in chips) 
s70n3fac3: posts small blind 50
FDIBA2009: posts big blind 100
*** HOLE CARDS ***
Dealt to s70n3fac3 [2h 5d]
s70n3fac3: folds 
Uncalled bet (50) returned to FDIBA2009
FDIBA2009 collected 100 from pot
*** SUMMARY ***
Total pot 100 | Rake 0 
Seat 1: s70n3fac3 (button) (small blind) folded before Flop
Seat 2: FDIBA2009 (big blind) collected (100)



PokerStars Home Game Hand #225870879840: {Club #4781089}  Hold'em No Limit (50/100) - 2021/04/15 23:34:25 EET [2021/04/15 16:34:25 ET]
Table 'VTPP NLHE' 2-max (Play Money) Seat #2 is the button
Seat 1: s70n3fac3 (13784 in chips) 
Seat 2: FDIBA2009 (9642 in chips) 
FDIBA2009: posts small blind 50
s70n3fac3: posts big blind 100
*** HOLE CARDS ***
Dealt to s70n3fac3 [9h Jd]
FDIBA2009: raises 100 to 200
s70n3fac3: calls 100
*** FLOP *** [9s 4c Kd]
s70n3fac3: checks 
FDIBA2009: bets 189
s70n3fac3: calls 189
*** TURN *** [9s 4c Kd] [Ts]
s70n3fac3: checks 
FDIBA2009: bets 367
s70n3fac3: calls 367
*** RIVER *** [9s 4c Kd Ts] [Ad]
s70n3fac3: checks 
FDIBA2009: bets 2200
s70n3fac3: folds 
Uncalled bet (2200) returned to FDIBA2009
FDIBA2009 collected 1429 from pot
*** SUMMARY ***
Total pot 1512 | Rake 83 
Board [9s 4c Kd Ts Ad]
Seat 1: s70n3fac3 (big blind) folded on the River
Seat 2: FDIBA2009 (button) (small blind) collected (1429)



PokerStars Home Game Hand #225870913635: {Club #4781089}  Hold'em No Limit (50/100) - 2021/04/15 23:35:15 EET [2021/04/15 16:35:15 ET]
Table 'VTPP NLHE' 2-max (Play Money) Seat #1 is the button
Seat 1: s70n3fac3 (13028 in chips) 
Seat 2: FDIBA2009 (10315 in chips) 
s70n3fac3: posts small blind 50
FDIBA2009: posts big blind 100
*** HOLE CARDS ***
Dealt to s70n3fac3 [4s 7d]
s70n3fac3: folds 
Uncalled bet (50) returned to FDIBA2009
FDIBA2009 collected 100 from pot
*** SUMMARY ***
Total pot 100 | Rake 0 
Seat 1: s70n3fac3 (button) (small blind) folded before Flop
Seat 2: FDIBA2009 (big blind) collected (100)



PokerStars Home Game Hand #225870916173: {Club #4781089}  Hold'em No Limit (50/100) - 2021/04/15 23:35:19 EET [2021/04/15 16:35:19 ET]
Table 'VTPP NLHE' 2-max (Play Money) Seat #2 is the button
Seat 1: s70n3fac3 (12978 in chips) 
Seat 2: FDIBA2009 (10365 in chips) 
FDIBA2009: posts small blind 50
s70n3fac3: posts big blind 100
*** HOLE CARDS ***
Dealt to s70n3fac3 [9h Jh]
FDIBA2009: calls 50
s70n3fac3: raises 200 to 300
FDIBA2009: calls 200
*** FLOP *** [As 8d 6c]
s70n3fac3: checks 
FDIBA2009: checks 
*** TURN *** [As 8d 6c] [Tc]
s70n3fac3: bets 300
FDIBA2009: folds 
Uncalled bet (300) returned to s70n3fac3
s70n3fac3 collected 567 from pot
s70n3fac3: doesn't show hand 
*** SUMMARY ***
Total pot 600 | Rake 33 
Board [As 8d 6c Tc]
Seat 1: s70n3fac3 (big blind) collected (567)
Seat 2: FDIBA2009 (button) (small blind) folded on the Turn



PokerStars Home Game Hand #225870926290: {Club #4781089}  Hold'em No Limit (50/100) - 2021/04/15 23:35:34 EET [2021/04/15 16:35:34 ET]
Table 'VTPP NLHE' 2-max (Play Money) Seat #1 is the button
Seat 1: s70n3fac3 (13245 in chips) 
Seat 2: FDIBA2009 (10065 in chips) 
s70n3fac3: posts small blind 50
FDIBA2009: posts big blind 100
*** HOLE CARDS ***
Dealt to s70n3fac3 [9d Th]
s70n3fac3: raises 100 to 200
FDIBA2009: calls 100
*** FLOP *** [Tc 2d 3d]
FDIBA2009: checks 
s70n3fac3: bets 200
FDIBA2009: folds 
Uncalled bet (200) returned to s70n3fac3
s70n3fac3 collected 378 from pot
s70n3fac3: doesn't show hand 
*** SUMMARY ***
Total pot 400 | Rake 22 
Board [Tc 2d 3d]
Seat 1: s70n3fac3 (button) (small blind) collected (378)
Seat 2: FDIBA2009 (big blind) folded on the Flop



PokerStars Home Game Hand #225870934648: {Club #4781089}  Hold'em No Limit (50/100) - 2021/04/15 23:35:47 EET [2021/04/15 16:35:47 ET]
Table 'VTPP NLHE' 2-max (Play Money) Seat #2 is the button
Seat 1: s70n3fac3 (13423 in chips) 
Seat 2: FDIBA2009 (9865 in chips) 
FDIBA2009: posts small blind 50
s70n3fac3: posts big blind 100
*** HOLE CARDS ***
Dealt to s70n3fac3 [2h 6h]
FDIBA2009: raises 100 to 200
s70n3fac3: calls 100
*** FLOP *** [9d 6s 6c]
s70n3fac3: checks 
FDIBA2009: checks 
*** TURN *** [9d 6s 6c] [Ks]
s70n3fac3: checks 
FDIBA2009: checks 
*** RIVER *** [9d 6s 6c Ks] [7d]
s70n3fac3: checks 
FDIBA2009: bets 378
s70n3fac3: raises 622 to 1000
FDIBA2009: calls 622
*** SHOW DOWN ***
s70n3fac3: shows [2h 6h] (three of a kind, Sixes)
FDIBA2009: mucks hand 
s70n3fac3 collected 2268 from pot
*** SUMMARY ***
Total pot 2400 | Rake 132 
Board [9d 6s 6c Ks 7d]
Seat 1: s70n3fac3 (big blind) showed [2h 6h] and won (2268) with three of a kind, Sixes
Seat 2: FDIBA2009 (button) (small blind) mucked [7s Jd]



PokerStars Home Game Hand #225870954747: {Club #4781089}  Hold'em No Limit (50/100) - 2021/04/15 23:36:16 EET [2021/04/15 16:36:16 ET]
Table 'VTPP NLHE' 2-max (Play Money) Seat #1 is the button
Seat 1: s70n3fac3 (14491 in chips) 
Seat 2: FDIBA2009 (8665 in chips) 
s70n3fac3: posts small blind 50
FDIBA2009: posts big blind 100
*** HOLE CARDS ***
Dealt to s70n3fac3 [Js Kc]
s70n3fac3: raises 100 to 200
FDIBA2009: calls 100
*** FLOP *** [7s Qd 7d]
FDIBA2009: checks 
s70n3fac3: checks 
*** TURN *** [7s Qd 7d] [3c]
FDIBA2009: checks 
s70n3fac3: bets 200
FDIBA2009: folds 
Uncalled bet (200) returned to s70n3fac3
s70n3fac3 collected 378 from pot
s70n3fac3: doesn't show hand 
*** SUMMARY ***
Total pot 400 | Rake 22 
Board [7s Qd 7d 3c]
Seat 1: s70n3fac3 (button) (small blind) collected (378)
Seat 2: FDIBA2009 (big blind) folded on the Turn



PokerStars Home Game Hand #225870963142: {Club #4781089}  Hold'em No Limit (50/100) - 2021/04/15 23:36:29 EET [2021/04/15 16:36:29 ET]
Table 'VTPP NLHE' 2-max (Play Money) Seat #2 is the button
Seat 1: s70n3fac3 (14669 in chips) 
Seat 2: FDIBA2009 (8465 in chips) 
FDIBA2009: posts small blind 50
s70n3fac3: posts big blind 100
*** HOLE CARDS ***
Dealt to s70n3fac3 [Jd Qd]
FDIBA2009: raises 100 to 200
s70n3fac3: calls 100
*** FLOP *** [Ad Jh 8d]
s70n3fac3: checks 
FDIBA2009: checks 
*** TURN *** [Ad Jh 8d] [Th]
s70n3fac3: bets 300
FDIBA2009: calls 300
*** RIVER *** [Ad Jh 8d Th] [4h]
s70n3fac3: bets 400
FDIBA2009: raises 872 to 1272
s70n3fac3: folds 
Uncalled bet (872) returned to FDIBA2009
FDIBA2009 collected 1701 from pot
*** SUMMARY ***
Total pot 1800 | Rake 99 
Board [Ad Jh 8d Th 4h]
Seat 1: s70n3fac3 (big blind) folded on the River
Seat 2: FDIBA2009 (button) (small blind) collected (1701)



PokerStars Home Game Hand #225870995288: {Club #4781089}  Hold'em No Limit (50/100) - 2021/04/15 23:37:17 EET [2021/04/15 16:37:17 ET]
Table 'VTPP NLHE' 2-max (Play Money) Seat #1 is the button
Seat 1: s70n3fac3 (13769 in chips) 
Seat 2: FDIBA2009 (9266 in chips) 
s70n3fac3: posts small blind 50
FDIBA2009: posts big blind 100
*** HOLE CARDS ***
Dealt to s70n3fac3 [3h Ks]
s70n3fac3: calls 50
FDIBA2009: checks 
*** FLOP *** [5s Qh 4s]
FDIBA2009: bets 100
s70n3fac3: calls 100
*** TURN *** [5s Qh 4s] [Qd]
FDIBA2009: checks 
s70n3fac3: checks 
*** RIVER *** [5s Qh 4s Qd] [Jd]
FDIBA2009: checks 
s70n3fac3: checks 
*** SHOW DOWN ***
FDIBA2009: shows [5d 8h] (two pair, Queens and Fives)
s70n3fac3: mucks hand 
FDIBA2009 collected 378 from pot
*** SUMMARY ***
Total pot 400 | Rake 22 
Board [5s Qh 4s Qd Jd]
Seat 1: s70n3fac3 (button) (small blind) mucked [3h Ks]
Seat 2: FDIBA2009 (big blind) showed [5d 8h] and won (378) with two pair, Queens and Fives



PokerStars Home Game Hand #225871006282: {Club #4781089}  Hold'em No Limit (50/100) - 2021/04/15 23:37:33 EET [2021/04/15 16:37:33 ET]
Table 'VTPP NLHE' 2-max (Play Money) Seat #2 is the button
Seat 1: s70n3fac3 (13569 in chips) 
Seat 2: FDIBA2009 (9444 in chips) 
FDIBA2009: posts small blind 50
s70n3fac3: posts big blind 100
*** HOLE CARDS ***
Dealt to s70n3fac3 [7s Kd]
FDIBA2009: raises 100 to 200
s70n3fac3: calls 100
*** FLOP *** [Th 6d 3d]
s70n3fac3: checks 
FDIBA2009: bets 189
s70n3fac3: folds 
Uncalled bet (189) returned to FDIBA2009
FDIBA2009 collected 378 from pot
*** SUMMARY ***
Total pot 400 | Rake 22 
Board [Th 6d 3d]
Seat 1: s70n3fac3 (big blind) folded on the Flop
Seat 2: FDIBA2009 (button) (small blind) collected (378)



PokerStars Home Game Hand #225871013420: {Club #4781089}  Hold'em No Limit (50/100) - 2021/04/15 23:37:44 EET [2021/04/15 16:37:44 ET]
Table 'VTPP NLHE' 2-max (Play Money) Seat #1 is the button
Seat 1: s70n3fac3 (13369 in chips) 
Seat 2: FDIBA2009 (9622 in chips) 
s70n3fac3: posts small blind 50
FDIBA2009: posts big blind 100
*** HOLE CARDS ***
Dealt to s70n3fac3 [7c 4d]
s70n3fac3: folds 
Uncalled bet (50) returned to FDIBA2009
FDIBA2009 collected 100 from pot
*** SUMMARY ***
Total pot 100 | Rake 0 
Seat 1: s70n3fac3 (button) (small blind) folded before Flop
Seat 2: FDIBA2009 (big blind) collected (100)



PokerStars Home Game Hand #225871016088: {Club #4781089}  Hold'em No Limit (50/100) - 2021/04/15 23:37:48 EET [2021/04/15 16:37:48 ET]
Table 'VTPP NLHE' 2-max (Play Money) Seat #2 is the button
Seat 1: s70n3fac3 (13319 in chips) 
Seat 2: FDIBA2009 (9672 in chips) 
FDIBA2009: posts small blind 50
s70n3fac3: posts big blind 100
*** HOLE CARDS ***
Dealt to s70n3fac3 [2h Jd]
FDIBA2009: raises 100 to 200
s70n3fac3: folds 
Uncalled bet (100) returned to FDIBA2009
FDIBA2009 collected 200 from pot
*** SUMMARY ***
Total pot 200 | Rake 0 
Seat 1: s70n3fac3 (big blind) folded before Flop
Seat 2: FDIBA2009 (button) (small blind) collected (200)



PokerStars Home Game Hand #225871019583: {Club #4781089}  Hold'em No Limit (50/100) - 2021/04/15 23:37:53 EET [2021/04/15 16:37:53 ET]
Table 'VTPP NLHE' 2-max (Play Money) Seat #1 is the button
Seat 1: s70n3fac3 (13219 in chips) 
Seat 2: FDIBA2009 (9772 in chips) 
s70n3fac3: posts small blind 50
FDIBA2009: posts big blind 100
*** HOLE CARDS ***
Dealt to s70n3fac3 [Ad 4c]
s70n3fac3: raises 100 to 200
FDIBA2009: calls 100
*** FLOP *** [Ah 3c 5h]
FDIBA2009: checks 
s70n3fac3: bets 200
FDIBA2009: folds 
Uncalled bet (200) returned to s70n3fac3
s70n3fac3 collected 378 from pot
s70n3fac3: doesn't show hand 
*** SUMMARY ***
Total pot 400 | Rake 22 
Board [Ah 3c 5h]
Seat 1: s70n3fac3 (button) (small blind) collected (378)
Seat 2: FDIBA2009 (big blind) folded on the Flop



PokerStars Home Game Hand #225871026632: {Club #4781089}  Hold'em No Limit (50/100) - 2021/04/15 23:38:04 EET [2021/04/15 16:38:04 ET]
Table 'VTPP NLHE' 2-max (Play Money) Seat #2 is the button
Seat 1: s70n3fac3 (13397 in chips) 
Seat 2: FDIBA2009 (9572 in chips) 
FDIBA2009: posts small blind 50
s70n3fac3: posts big blind 100
*** HOLE CARDS ***
Dealt to s70n3fac3 [Kh 4h]
FDIBA2009: raises 100 to 200
s70n3fac3: calls 100
*** FLOP *** [8s Ks 7c]
s70n3fac3: checks 
FDIBA2009: checks 
*** TURN *** [8s Ks 7c] [Jh]
s70n3fac3: bets 200
FDIBA2009: calls 200
*** RIVER *** [8s Ks 7c Jh] [Tc]
s70n3fac3: checks 
FDIBA2009: checks 
*** SHOW DOWN ***
s70n3fac3: shows [Kh 4h] (a pair of Kings)
FDIBA2009: mucks hand 
s70n3fac3 collected 756 from pot
*** SUMMARY ***
Total pot 800 | Rake 44 
Board [8s Ks 7c Jh Tc]
Seat 1: s70n3fac3 (big blind) showed [Kh 4h] and won (756) with a pair of Kings
Seat 2: FDIBA2009 (button) (small blind) mucked [8c 4d]



PokerStars Home Game Hand #225871039179: {Club #4781089}  Hold'em No Limit (50/100) - 2021/04/15 23:38:23 EET [2021/04/15 16:38:23 ET]
Table 'VTPP NLHE' 2-max (Play Money) Seat #1 is the button
Seat 1: s70n3fac3 (13753 in chips) 
Seat 2: FDIBA2009 (9172 in chips) 
s70n3fac3: posts small blind 50
FDIBA2009: posts big blind 100
*** HOLE CARDS ***
Dealt to s70n3fac3 [2h 2d]
s70n3fac3: calls 50
FDIBA2009: checks 
*** FLOP *** [Qc Js 8s]
FDIBA2009: checks 
s70n3fac3: checks 
*** TURN *** [Qc Js 8s] [4s]
FDIBA2009: bets 189
s70n3fac3: folds 
Uncalled bet (189) returned to FDIBA2009
FDIBA2009 collected 189 from pot
*** SUMMARY ***
Total pot 200 | Rake 11 
Board [Qc Js 8s 4s]
Seat 1: s70n3fac3 (button) (small blind) folded on the Turn
Seat 2: FDIBA2009 (big blind) collected (189)



PokerStars Home Game Hand #225871047066: {Club #4781089}  Hold'em No Limit (50/100) - 2021/04/15 23:38:35 EET [2021/04/15 16:38:35 ET]
Table 'VTPP NLHE' 2-max (Play Money) Seat #2 is the button
Seat 1: s70n3fac3 (13653 in chips) 
Seat 2: FDIBA2009 (9261 in chips) 
FDIBA2009: posts small blind 50
s70n3fac3: posts big blind 100
*** HOLE CARDS ***
Dealt to s70n3fac3 [9c 9s]
FDIBA2009: raises 100 to 200
s70n3fac3: raises 300 to 500
FDIBA2009: folds 
Uncalled bet (300) returned to s70n3fac3
s70n3fac3 collected 400 from pot
s70n3fac3: doesn't show hand 
*** SUMMARY ***
Total pot 400 | Rake 0 
Seat 1: s70n3fac3 (big blind) collected (400)
Seat 2: FDIBA2009 (button) (small blind) folded before Flop



PokerStars Home Game Hand #225871053391: {Club #4781089}  Hold'em No Limit (50/100) - 2021/04/15 23:38:44 EET [2021/04/15 16:38:44 ET]
Table 'VTPP NLHE' 2-max (Play Money) Seat #1 is the button
Seat 1: s70n3fac3 (13853 in chips) 
Seat 2: FDIBA2009 (9061 in chips) 
s70n3fac3: posts small blind 50
FDIBA2009: posts big blind 100
*** HOLE CARDS ***
Dealt to s70n3fac3 [9s 8h]
s70n3fac3: raises 100 to 200
FDIBA2009: raises 400 to 600
s70n3fac3: folds 
Uncalled bet (400) returned to FDIBA2009
FDIBA2009 collected 400 from pot
*** SUMMARY ***
Total pot 400 | Rake 0 
Seat 1: s70n3fac3 (button) (small blind) folded before Flop
Seat 2: FDIBA2009 (big blind) collected (400)



PokerStars Home Game Hand #225871058668: {Club #4781089}  Hold'em No Limit (50/100) - 2021/04/15 23:38:52 EET [2021/04/15 16:38:52 ET]
Table 'VTPP NLHE' 2-max (Play Money) Seat #2 is the button
Seat 1: s70n3fac3 (13653 in chips) 
Seat 2: FDIBA2009 (9261 in chips) 
FDIBA2009: posts small blind 50
s70n3fac3: posts big blind 100
*** HOLE CARDS ***
Dealt to s70n3fac3 [Qs 4h]
FDIBA2009: raises 100 to 200
s70n3fac3: folds 
Uncalled bet (100) returned to FDIBA2009
FDIBA2009 collected 200 from pot
*** SUMMARY ***
Total pot 200 | Rake 0 
Seat 1: s70n3fac3 (big blind) folded before Flop
Seat 2: FDIBA2009 (button) (small blind) collected (200)



PokerStars Home Game Hand #225871062036: {Club #4781089}  Hold'em No Limit (50/100) - 2021/04/15 23:38:57 EET [2021/04/15 16:38:57 ET]
Table 'VTPP NLHE' 2-max (Play Money) Seat #1 is the button
Seat 1: s70n3fac3 (13553 in chips) 
Seat 2: FDIBA2009 (9361 in chips) 
s70n3fac3: posts small blind 50
FDIBA2009: posts big blind 100
*** HOLE CARDS ***
Dealt to s70n3fac3 [9d Ks]
s70n3fac3: raises 100 to 200
FDIBA2009: calls 100
*** FLOP *** [4c 7h 7s]
FDIBA2009: checks 
s70n3fac3: checks 
*** TURN *** [4c 7h 7s] [Kc]
FDIBA2009: bets 378
s70n3fac3: calls 378
*** RIVER *** [4c 7h 7s Kc] [Kh]
FDIBA2009: checks 
s70n3fac3: bets 455
FDIBA2009: folds 
Uncalled bet (455) returned to s70n3fac3
s70n3fac3 collected 1092 from pot
s70n3fac3: doesn't show hand 
*** SUMMARY ***
Total pot 1156 | Rake 64 
Board [4c 7h 7s Kc Kh]
Seat 1: s70n3fac3 (button) (small blind) collected (1092)
Seat 2: FDIBA2009 (big blind) folded on the River



PokerStars Home Game Hand #225871078205: {Club #4781089}  Hold'em No Limit (50/100) - 2021/04/15 23:39:21 EET [2021/04/15 16:39:21 ET]
Table 'VTPP NLHE' 2-max (Play Money) Seat #2 is the button
Seat 1: s70n3fac3 (14067 in chips) 
Seat 2: FDIBA2009 (8783 in chips) 
FDIBA2009: posts small blind 50
s70n3fac3: posts big blind 100
*** HOLE CARDS ***
Dealt to s70n3fac3 [9c 5h]
FDIBA2009: raises 100 to 200
s70n3fac3: folds 
Uncalled bet (100) returned to FDIBA2009
FDIBA2009 collected 200 from pot
*** SUMMARY ***
Total pot 200 | Rake 0 
Seat 1: s70n3fac3 (big blind) folded before Flop
Seat 2: FDIBA2009 (button) (small blind) collected (200)



PokerStars Home Game Hand #225871082017: {Club #4781089}  Hold'em No Limit (50/100) - 2021/04/15 23:39:27 EET [2021/04/15 16:39:27 ET]
Table 'VTPP NLHE' 2-max (Play Money) Seat #1 is the button
Seat 1: s70n3fac3 (13967 in chips) 
Seat 2: FDIBA2009 (8883 in chips) 
s70n3fac3: posts small blind 50
FDIBA2009: posts big blind 100
*** HOLE CARDS ***
Dealt to s70n3fac3 [Qd 5h]
s70n3fac3: folds 
Uncalled bet (50) returned to FDIBA2009
FDIBA2009 collected 100 from pot
*** SUMMARY ***
Total pot 100 | Rake 0 
Seat 1: s70n3fac3 (button) (small blind) folded before Flop
Seat 2: FDIBA2009 (big blind) collected (100)



PokerStars Home Game Hand #225871084731: {Club #4781089}  Hold'em No Limit (50/100) - 2021/04/15 23:39:31 EET [2021/04/15 16:39:31 ET]
Table 'VTPP NLHE' 2-max (Play Money) Seat #2 is the button
Seat 1: s70n3fac3 (13917 in chips) 
Seat 2: FDIBA2009 (8933 in chips) 
FDIBA2009: posts small blind 50
s70n3fac3: posts big blind 100
*** HOLE CARDS ***
Dealt to s70n3fac3 [9c 5c]
FDIBA2009: raises 200 to 300
s70n3fac3: calls 200
*** FLOP *** [2s Tc 5s]
s70n3fac3: checks 
FDIBA2009: bets 567
s70n3fac3: calls 567
*** TURN *** [2s Tc 5s] [Td]
s70n3fac3: checks 
FDIBA2009: bets 819
s70n3fac3: calls 819
*** RIVER *** [2s Tc 5s Td] [Ah]
s70n3fac3: checks 
FDIBA2009: bets 3187
s70n3fac3: folds 
Uncalled bet (3187) returned to FDIBA2009
FDIBA2009 collected 3187 from pot
*** SUMMARY ***
Total pot 3372 | Rake 185 
Board [2s Tc 5s Td Ah]
Seat 1: s70n3fac3 (big blind) folded on the River
Seat 2: FDIBA2009 (button) (small blind) collected (3187)



PokerStars Home Game Hand #225871116442: {Club #4781089}  Hold'em No Limit (50/100) - 2021/04/15 23:40:05 EET [2021/04/15 16:40:05 ET]
Table 'VTPP NLHE' 2-max (Play Money) Seat #1 is the button
Seat 1: s70n3fac3 (12231 in chips) 
Seat 2: FDIBA2009 (10434 in chips) 
s70n3fac3: posts small blind 50
FDIBA2009: posts big blind 100
*** HOLE CARDS ***
Dealt to s70n3fac3 [5c 9s]
s70n3fac3: folds 
Uncalled bet (50) returned to FDIBA2009
FDIBA2009 collected 100 from pot
*** SUMMARY ***
Total pot 100 | Rake 0 
Seat 1: s70n3fac3 (button) (small blind) folded before Flop
Seat 2: FDIBA2009 (big blind) collected (100)



PokerStars Home Game Hand #225871118920: {Club #4781089}  Hold'em No Limit (50/100) - 2021/04/15 23:40:09 EET [2021/04/15 16:40:09 ET]
Table 'VTPP NLHE' 2-max (Play Money) Seat #2 is the button
Seat 1: s70n3fac3 (12181 in chips) 
Seat 2: FDIBA2009 (10484 in chips) 
FDIBA2009: posts small blind 50
s70n3fac3: posts big blind 100
*** HOLE CARDS ***
Dealt to s70n3fac3 [5c Qh]
FDIBA2009: raises 100 to 200
s70n3fac3: folds 
Uncalled bet (100) returned to FDIBA2009
FDIBA2009 collected 200 from pot
*** SUMMARY ***
Total pot 200 | Rake 0 
Seat 1: s70n3fac3 (big blind) folded before Flop
Seat 2: FDIBA2009 (button) (small blind) collected (200)



PokerStars Home Game Hand #225871122695: {Club #4781089}  Hold'em No Limit (50/100) - 2021/04/15 23:40:15 EET [2021/04/15 16:40:15 ET]
Table 'VTPP NLHE' 2-max (Play Money) Seat #1 is the button
Seat 1: s70n3fac3 (12081 in chips) 
Seat 2: FDIBA2009 (10584 in chips) 
s70n3fac3: posts small blind 50
FDIBA2009: posts big blind 100
*** HOLE CARDS ***
Dealt to s70n3fac3 [Ts 2h]
s70n3fac3: folds 
Uncalled bet (50) returned to FDIBA2009
FDIBA2009 collected 100 from pot
*** SUMMARY ***
Total pot 100 | Rake 0 
Seat 1: s70n3fac3 (button) (small blind) folded before Flop
Seat 2: FDIBA2009 (big blind) collected (100)



PokerStars Home Game Hand #225871125300: {Club #4781089}  Hold'em No Limit (50/100) - 2021/04/15 23:40:19 EET [2021/04/15 16:40:19 ET]
Table 'VTPP NLHE' 2-max (Play Money) Seat #2 is the button
Seat 1: s70n3fac3 (12031 in chips) 
Seat 2: FDIBA2009 (10634 in chips) 
FDIBA2009: posts small blind 50
s70n3fac3: posts big blind 100
*** HOLE CARDS ***
Dealt to s70n3fac3 [9c 2c]
FDIBA2009: raises 100 to 200
s70n3fac3: calls 100
*** FLOP *** [8c Kc 7s]
s70n3fac3: checks 
FDIBA2009: checks 
*** TURN *** [8c Kc 7s] [9d]
s70n3fac3: bets 200
FDIBA2009: calls 200
*** RIVER *** [8c Kc 7s 9d] [7c]
s70n3fac3: bets 400
FDIBA2009: folds 
Uncalled bet (400) returned to s70n3fac3
s70n3fac3 collected 756 from pot
s70n3fac3: doesn't show hand 
*** SUMMARY ***
Total pot 800 | Rake 44 
Board [8c Kc 7s 9d 7c]
Seat 1: s70n3fac3 (big blind) collected (756)
Seat 2: FDIBA2009 (button) (small blind) folded on the River



PokerStars Home Game Hand #225871136819: {Club #4781089}  Hold'em No Limit (50/100) - 2021/04/15 23:40:37 EET [2021/04/15 16:40:37 ET]
Table 'VTPP NLHE' 2-max (Play Money) Seat #1 is the button
Seat 1: s70n3fac3 (12387 in chips) 
Seat 2: FDIBA2009 (10234 in chips) 
s70n3fac3: posts small blind 50
FDIBA2009: posts big blind 100
*** HOLE CARDS ***
Dealt to s70n3fac3 [Ts 8d]
s70n3fac3: raises 100 to 200
FDIBA2009: raises 400 to 600
s70n3fac3: folds 
Uncalled bet (400) returned to FDIBA2009
FDIBA2009 collected 400 from pot
*** SUMMARY ***
Total pot 400 | Rake 0 
Seat 1: s70n3fac3 (button) (small blind) folded before Flop
Seat 2: FDIBA2009 (big blind) collected (400)



PokerStars Home Game Hand #225871141140: {Club #4781089}  Hold'em No Limit (50/100) - 2021/04/15 23:40:43 EET [2021/04/15 16:40:43 ET]
Table 'VTPP NLHE' 2-max (Play Money) Seat #2 is the button
Seat 1: s70n3fac3 (12187 in chips) 
Seat 2: FDIBA2009 (10434 in chips) 
FDIBA2009: posts small blind 50
s70n3fac3: posts big blind 100
*** HOLE CARDS ***
Dealt to s70n3fac3 [Kd Th]
FDIBA2009: raises 100 to 200
s70n3fac3: calls 100
*** FLOP *** [8s 4d 4h]
s70n3fac3: checks 
FDIBA2009: bets 378
s70n3fac3: folds 
Uncalled bet (378) returned to FDIBA2009
FDIBA2009 collected 378 from pot
*** SUMMARY ***
Total pot 400 | Rake 22 
Board [8s 4d 4h]
Seat 1: s70n3fac3 (big blind) folded on the Flop
Seat 2: FDIBA2009 (button) (small blind) collected (378)



PokerStars Home Game Hand #225871147500: {Club #4781089}  Hold'em No Limit (50/100) - 2021/04/15 23:40:53 EET [2021/04/15 16:40:53 ET]
Table 'VTPP NLHE' 2-max (Play Money) Seat #1 is the button
Seat 1: s70n3fac3 (11987 in chips) 
Seat 2: FDIBA2009 (10612 in chips) 
s70n3fac3: posts small blind 50
FDIBA2009: posts big blind 100
*** HOLE CARDS ***
Dealt to s70n3fac3 [2s 3h]
s70n3fac3: folds 
Uncalled bet (50) returned to FDIBA2009
FDIBA2009 collected 100 from pot
*** SUMMARY ***
Total pot 100 | Rake 0 
Seat 1: s70n3fac3 (button) (small blind) folded before Flop
Seat 2: FDIBA2009 (big blind) collected (100)



PokerStars Home Game Hand #225871149902: {Club #4781089}  Hold'em No Limit (50/100) - 2021/04/15 23:40:56 EET [2021/04/15 16:40:56 ET]
Table 'VTPP NLHE' 2-max (Play Money) Seat #2 is the button
Seat 1: s70n3fac3 (11937 in chips) 
Seat 2: FDIBA2009 (10662 in chips) 
FDIBA2009: posts small blind 50
s70n3fac3: posts big blind 100
*** HOLE CARDS ***
Dealt to s70n3fac3 [9d 5s]
FDIBA2009: raises 100 to 200
s70n3fac3: calls 100
*** FLOP *** [8h As Qc]
s70n3fac3: checks 
FDIBA2009: checks 
*** TURN *** [8h As Qc] [3c]
s70n3fac3: bets 200
FDIBA2009: calls 200
*** RIVER *** [8h As Qc 3c] [Qh]
s70n3fac3: bets 400
FDIBA2009: folds 
Uncalled bet (400) returned to s70n3fac3
s70n3fac3 collected 756 from pot
s70n3fac3: doesn't show hand 
*** SUMMARY ***
Total pot 800 | Rake 44 
Board [8h As Qc 3c Qh]
Seat 1: s70n3fac3 (big blind) collected (756)
Seat 2: FDIBA2009 (button) (small blind) folded on the River



PokerStars Home Game Hand #225871160359: {Club #4781089}  Hold'em No Limit (50/100) - 2021/04/15 23:41:12 EET [2021/04/15 16:41:12 ET]
Table 'VTPP NLHE' 2-max (Play Money) Seat #1 is the button
Seat 1: s70n3fac3 (12293 in chips) 
Seat 2: FDIBA2009 (10262 in chips) 
s70n3fac3: posts small blind 50
FDIBA2009: posts big blind 100
*** HOLE CARDS ***
Dealt to s70n3fac3 [3s 7s]
s70n3fac3: calls 50
FDIBA2009: raises 200 to 300
s70n3fac3: calls 200
*** FLOP *** [8c 5h Kd]
FDIBA2009: bets 100
s70n3fac3: calls 100
*** TURN *** [8c 5h Kd] [3c]
FDIBA2009: bets 378
s70n3fac3: folds 
Uncalled bet (378) returned to FDIBA2009
FDIBA2009 collected 756 from pot
*** SUMMARY ***
Total pot 800 | Rake 44 
Board [8c 5h Kd 3c]
Seat 1: s70n3fac3 (button) (small blind) folded on the Turn
Seat 2: FDIBA2009 (big blind) collected (756)



PokerStars Home Game Hand #225871174481: {Club #4781089}  Hold'em No Limit (50/100) - 2021/04/15 23:41:34 EET [2021/04/15 16:41:34 ET]
Table 'VTPP NLHE' 2-max (Play Money) Seat #2 is the button
Seat 1: s70n3fac3 (11893 in chips) 
Seat 2: FDIBA2009 (10618 in chips) 
FDIBA2009: posts small blind 50
s70n3fac3: posts big blind 100
*** HOLE CARDS ***
Dealt to s70n3fac3 [5h Kd]
FDIBA2009: raises 200 to 300
s70n3fac3: folds 
Uncalled bet (200) returned to FDIBA2009
FDIBA2009 collected 200 from pot
*** SUMMARY ***
Total pot 200 | Rake 0 
Seat 1: s70n3fac3 (big blind) folded before Flop
Seat 2: FDIBA2009 (button) (small blind) collected (200)



PokerStars Home Game Hand #225871178239: {Club #4781089}  Hold'em No Limit (50/100) - 2021/04/15 23:41:39 EET [2021/04/15 16:41:39 ET]
Table 'VTPP NLHE' 2-max (Play Money) Seat #1 is the button
Seat 1: s70n3fac3 (11793 in chips) 
Seat 2: FDIBA2009 (10718 in chips) 
s70n3fac3: posts small blind 50
FDIBA2009: posts big blind 100
*** HOLE CARDS ***
Dealt to s70n3fac3 [4d 9s]
s70n3fac3: folds 
Uncalled bet (50) returned to FDIBA2009
FDIBA2009 collected 100 from pot
*** SUMMARY ***
Total pot 100 | Rake 0 
Seat 1: s70n3fac3 (button) (small blind) folded before Flop
Seat 2: FDIBA2009 (big blind) collected (100)



PokerStars Home Game Hand #225871180672: {Club #4781089}  Hold'em No Limit (50/100) - 2021/04/15 23:41:43 EET [2021/04/15 16:41:43 ET]
Table 'VTPP NLHE' 2-max (Play Money) Seat #2 is the button
Seat 1: s70n3fac3 (11743 in chips) 
Seat 2: FDIBA2009 (10768 in chips) 
FDIBA2009: posts small blind 50
s70n3fac3: posts big blind 100
*** HOLE CARDS ***
Dealt to s70n3fac3 [8c 7d]
FDIBA2009: raises 100 to 200
s70n3fac3: calls 100
*** FLOP *** [9s 6s Ah]
s70n3fac3: checks 
FDIBA2009: checks 
*** TURN *** [9s 6s Ah] [Qh]
s70n3fac3: checks 
FDIBA2009: checks 
*** RIVER *** [9s 6s Ah Qh] [5h]
s70n3fac3: bets 700
FDIBA2009: folds 
Uncalled bet (700) returned to s70n3fac3
s70n3fac3 collected 378 from pot
s70n3fac3: doesn't show hand 
*** SUMMARY ***
Total pot 400 | Rake 22 
Board [9s 6s Ah Qh 5h]
Seat 1: s70n3fac3 (big blind) collected (378)
Seat 2: FDIBA2009 (button) (small blind) folded on the River



PokerStars Home Game Hand #225871191906: {Club #4781089}  Hold'em No Limit (50/100) - 2021/04/15 23:42:00 EET [2021/04/15 16:42:00 ET]
Table 'VTPP NLHE' 2-max (Play Money) Seat #1 is the button
Seat 1: s70n3fac3 (11921 in chips) 
Seat 2: FDIBA2009 (10568 in chips) 
s70n3fac3: posts small blind 50
FDIBA2009: posts big blind 100
*** HOLE CARDS ***
Dealt to s70n3fac3 [5d 7s]
s70n3fac3: calls 50
FDIBA2009: checks 
*** FLOP *** [Kd Qc Tc]
FDIBA2009: checks 
s70n3fac3: checks 
*** TURN *** [Kd Qc Tc] [6s]
FDIBA2009: checks 
s70n3fac3: checks 
*** RIVER *** [Kd Qc Tc 6s] [5s]
FDIBA2009: bets 189
s70n3fac3: raises 511 to 700
FDIBA2009: folds 
Uncalled bet (511) returned to s70n3fac3
s70n3fac3 collected 546 from pot
s70n3fac3: doesn't show hand 
*** SUMMARY ***
Total pot 578 | Rake 32 
Board [Kd Qc Tc 6s 5s]
Seat 1: s70n3fac3 (button) (small blind) collected (546)
Seat 2: FDIBA2009 (big blind) folded on the River



PokerStars Home Game Hand #225871203163: {Club #4781089}  Hold'em No Limit (50/100) - 2021/04/15 23:42:17 EET [2021/04/15 16:42:17 ET]
Table 'VTPP NLHE' 2-max (Play Money) Seat #2 is the button
Seat 1: s70n3fac3 (12178 in chips) 
Seat 2: FDIBA2009 (10279 in chips) 
FDIBA2009: posts small blind 50
s70n3fac3: posts big blind 100
*** HOLE CARDS ***
Dealt to s70n3fac3 [Qh 7h]
FDIBA2009: raises 100 to 200
s70n3fac3: calls 100
*** FLOP *** [9h 3s 5h]
s70n3fac3: checks 
FDIBA2009: checks 
*** TURN *** [9h 3s 5h] [As]
s70n3fac3: checks 
FDIBA2009: checks 
*** RIVER *** [9h 3s 5h As] [Qd]
s70n3fac3: bets 400
FDIBA2009: folds 
Uncalled bet (400) returned to s70n3fac3
s70n3fac3 collected 378 from pot
s70n3fac3: doesn't show hand 
*** SUMMARY ***
Total pot 400 | Rake 22 
Board [9h 3s 5h As Qd]
Seat 1: s70n3fac3 (big blind) collected (378)
Seat 2: FDIBA2009 (button) (small blind) folded on the River



PokerStars Home Game Hand #225871218431: {Club #4781089}  Hold'em No Limit (50/100) - 2021/04/15 23:42:41 EET [2021/04/15 16:42:41 ET]
Table 'VTPP NLHE' 2-max (Play Money) Seat #1 is the button
Seat 1: s70n3fac3 (12356 in chips) 
Seat 2: FDIBA2009 (10079 in chips) 
s70n3fac3: posts small blind 50
FDIBA2009: posts big blind 100
*** HOLE CARDS ***
Dealt to s70n3fac3 [As 8h]
s70n3fac3: raises 100 to 200
FDIBA2009: raises 400 to 600
s70n3fac3: calls 400
*** FLOP *** [9d 9s 5c]
FDIBA2009: checks 
s70n3fac3: checks 
*** TURN *** [9d 9s 5c] [Js]
FDIBA2009: bets 567
s70n3fac3: calls 567
*** RIVER *** [9d 9s 5c Js] [Td]
FDIBA2009: bets 1103
s70n3fac3: raises 1103 to 2206
FDIBA2009: calls 1103
*** SHOW DOWN ***
s70n3fac3: shows [As 8h] (a pair of Nines)
FDIBA2009: shows [9h 4h] (three of a kind, Nines)
FDIBA2009 collected 6375 from pot
*** SUMMARY ***
Total pot 6746 | Rake 371 
Board [9d 9s 5c Js Td]
Seat 1: s70n3fac3 (button) (small blind) showed [As 8h] and lost with a pair of Nines
Seat 2: FDIBA2009 (big blind) showed [9h 4h] and won (6375) with three of a kind, Nines



PokerStars Home Game Hand #225871240692: {Club #4781089}  Hold'em No Limit (50/100) - 2021/04/15 23:43:14 EET [2021/04/15 16:43:14 ET]
Table 'VTPP NLHE' 2-max (Play Money) Seat #2 is the button
Seat 1: s70n3fac3 (8983 in chips) 
Seat 2: FDIBA2009 (13081 in chips) 
FDIBA2009: posts small blind 50
s70n3fac3: posts big blind 100
*** HOLE CARDS ***
Dealt to s70n3fac3 [4s 2s]
FDIBA2009: raises 100 to 200
s70n3fac3: calls 100
*** FLOP *** [Qh Ks Jc]
s70n3fac3: checks 
FDIBA2009: checks 
*** TURN *** [Qh Ks Jc] [7d]
s70n3fac3: checks 
FDIBA2009: checks 
*** RIVER *** [Qh Ks Jc 7d] [8h]
s70n3fac3: checks 
FDIBA2009: bets 378
s70n3fac3: folds 
Uncalled bet (378) returned to FDIBA2009
FDIBA2009 collected 378 from pot
*** SUMMARY ***
Total pot 400 | Rake 22 
Board [Qh Ks Jc 7d 8h]
Seat 1: s70n3fac3 (big blind) folded on the River
Seat 2: FDIBA2009 (button) (small blind) collected (378)



PokerStars Home Game Hand #225871258219: {Club #4781089}  Hold'em No Limit (50/100) - 2021/04/15 23:43:41 EET [2021/04/15 16:43:41 ET]
Table 'VTPP NLHE' 2-max (Play Money) Seat #1 is the button
Seat 1: s70n3fac3 (8783 in chips) 
Seat 2: FDIBA2009 (13259 in chips) 
s70n3fac3: posts small blind 50
FDIBA2009: posts big blind 100
*** HOLE CARDS ***
Dealt to s70n3fac3 [Qc 7h]
s70n3fac3: raises 100 to 200
FDIBA2009: raises 400 to 600
s70n3fac3: folds 
Uncalled bet (400) returned to FDIBA2009
FDIBA2009 collected 400 from pot
*** SUMMARY ***
Total pot 400 | Rake 0 
Seat 1: s70n3fac3 (button) (small blind) folded before Flop
Seat 2: FDIBA2009 (big blind) collected (400)



PokerStars Home Game Hand #225871264740: {Club #4781089}  Hold'em No Limit (50/100) - 2021/04/15 23:43:51 EET [2021/04/15 16:43:51 ET]
Table 'VTPP NLHE' 2-max (Play Money) Seat #2 is the button
Seat 1: s70n3fac3 (8583 in chips) 
Seat 2: FDIBA2009 (13459 in chips) 
FDIBA2009: posts small blind 50
s70n3fac3: posts big blind 100
*** HOLE CARDS ***
Dealt to s70n3fac3 [9d 9h]
FDIBA2009: raises 100 to 200
s70n3fac3: raises 300 to 500
FDIBA2009: folds 
Uncalled bet (300) returned to s70n3fac3
s70n3fac3 collected 400 from pot
s70n3fac3: doesn't show hand 
*** SUMMARY ***
Total pot 400 | Rake 0 
Seat 1: s70n3fac3 (big blind) collected (400)
Seat 2: FDIBA2009 (button) (small blind) folded before Flop



PokerStars Home Game Hand #225871270157: {Club #4781089}  Hold'em No Limit (50/100) - 2021/04/15 23:43:59 EET [2021/04/15 16:43:59 ET]
Table 'VTPP NLHE' 2-max (Play Money) Seat #1 is the button
Seat 1: s70n3fac3 (8783 in chips) 
Seat 2: FDIBA2009 (13259 in chips) 
s70n3fac3: posts small blind 50
FDIBA2009: posts big blind 100
*** HOLE CARDS ***
Dealt to s70n3fac3 [Ad 9c]
s70n3fac3: calls 50
FDIBA2009: checks 
*** FLOP *** [Js 4c 2d]
FDIBA2009: checks 
s70n3fac3: checks 
*** TURN *** [Js 4c 2d] [3c]
FDIBA2009: bets 189
s70n3fac3: folds 
Uncalled bet (189) returned to FDIBA2009
FDIBA2009 collected 189 from pot
*** SUMMARY ***
Total pot 200 | Rake 11 
Board [Js 4c 2d 3c]
Seat 1: s70n3fac3 (button) (small blind) folded on the Turn
Seat 2: FDIBA2009 (big blind) collected (189)



PokerStars Home Game Hand #225871281077: {Club #4781089}  Hold'em No Limit (50/100) - 2021/04/15 23:44:16 EET [2021/04/15 16:44:16 ET]
Table 'VTPP NLHE' 2-max (Play Money) Seat #2 is the button
Seat 1: s70n3fac3 (8683 in chips) 
Seat 2: FDIBA2009 (13348 in chips) 
FDIBA2009: posts small blind 50
s70n3fac3: posts big blind 100
*** HOLE CARDS ***
Dealt to s70n3fac3 [6h 3c]
FDIBA2009: raises 100 to 200
s70n3fac3: folds 
Uncalled bet (100) returned to FDIBA2009
FDIBA2009 collected 200 from pot
*** SUMMARY ***
Total pot 200 | Rake 0 
Seat 1: s70n3fac3 (big blind) folded before Flop
Seat 2: FDIBA2009 (button) (small blind) collected (200)



PokerStars Home Game Hand #225871284861: {Club #4781089}  Hold'em No Limit (50/100) - 2021/04/15 23:44:22 EET [2021/04/15 16:44:22 ET]
Table 'VTPP NLHE' 2-max (Play Money) Seat #1 is the button
Seat 1: s70n3fac3 (8583 in chips) 
Seat 2: FDIBA2009 (13448 in chips) 
s70n3fac3: posts small blind 50
FDIBA2009: posts big blind 100
*** HOLE CARDS ***
Dealt to s70n3fac3 [Qs 7c]
s70n3fac3: raises 100 to 200
FDIBA2009: calls 100
*** FLOP *** [7s 2d Kc]
FDIBA2009: checks 
s70n3fac3: checks 
*** TURN *** [7s 2d Kc] [6c]
FDIBA2009: bets 189
s70n3fac3: calls 189
*** RIVER *** [7s 2d Kc 6c] [8d]
FDIBA2009: checks 
s70n3fac3: bets 400
FDIBA2009: raises 400 to 800
s70n3fac3: calls 400
*** SHOW DOWN ***
FDIBA2009: shows [Qc Kd] (a pair of Kings)
s70n3fac3: mucks hand 
FDIBA2009 collected 2247 from pot
*** SUMMARY ***
Total pot 2378 | Rake 131 
Board [7s 2d Kc 6c 8d]
Seat 1: s70n3fac3 (button) (small blind) mucked [Qs 7c]
Seat 2: FDIBA2009 (big blind) showed [Qc Kd] and won (2247) with a pair of Kings



PokerStars Home Game Hand #225871300964: {Club #4781089}  Hold'em No Limit (50/100) - 2021/04/15 23:44:47 EET [2021/04/15 16:44:47 ET]
Table 'VTPP NLHE' 2-max (Play Money) Seat #2 is the button
Seat 1: s70n3fac3 (7394 in chips) 
Seat 2: FDIBA2009 (14506 in chips) 
FDIBA2009: posts small blind 50
s70n3fac3: posts big blind 100
*** HOLE CARDS ***
Dealt to s70n3fac3 [3c 8d]
FDIBA2009: folds 
Uncalled bet (50) returned to s70n3fac3
s70n3fac3 collected 100 from pot
s70n3fac3: doesn't show hand 
*** SUMMARY ***
Total pot 100 | Rake 0 
Seat 1: s70n3fac3 (big blind) collected (100)
Seat 2: FDIBA2009 (button) (small blind) folded before Flop



PokerStars Home Game Hand #225871303865: {Club #4781089}  Hold'em No Limit (50/100) - 2021/04/15 23:44:51 EET [2021/04/15 16:44:51 ET]
Table 'VTPP NLHE' 2-max (Play Money) Seat #1 is the button
Seat 1: s70n3fac3 (7444 in chips) 
Seat 2: FDIBA2009 (14456 in chips) 
s70n3fac3: posts small blind 50
FDIBA2009: posts big blind 100
*** HOLE CARDS ***
Dealt to s70n3fac3 [Qd 5s]
s70n3fac3: folds 
Uncalled bet (50) returned to FDIBA2009
FDIBA2009 collected 100 from pot
*** SUMMARY ***
Total pot 100 | Rake 0 
Seat 1: s70n3fac3 (button) (small blind) folded before Flop
Seat 2: FDIBA2009 (big blind) collected (100)



PokerStars Home Game Hand #225871306476: {Club #4781089}  Hold'em No Limit (50/100) - 2021/04/15 23:44:55 EET [2021/04/15 16:44:55 ET]
Table 'VTPP NLHE' 2-max (Play Money) Seat #2 is the button
Seat 1: s70n3fac3 (7394 in chips) 
Seat 2: FDIBA2009 (14506 in chips) 
FDIBA2009: posts small blind 50
s70n3fac3: posts big blind 100
*** HOLE CARDS ***
Dealt to s70n3fac3 [2d Th]
FDIBA2009: raises 100 to 200
s70n3fac3: folds 
Uncalled bet (100) returned to FDIBA2009
FDIBA2009 collected 200 from pot
*** SUMMARY ***
Total pot 200 | Rake 0 
Seat 1: s70n3fac3 (big blind) folded before Flop
Seat 2: FDIBA2009 (button) (small blind) collected (200)



PokerStars Home Game Hand #225871310496: {Club #4781089}  Hold'em No Limit (50/100) - 2021/04/15 23:45:01 EET [2021/04/15 16:45:01 ET]
Table 'VTPP NLHE' 2-max (Play Money) Seat #1 is the button
Seat 1: s70n3fac3 (7294 in chips) 
Seat 2: FDIBA2009 (14606 in chips) 
s70n3fac3: posts small blind 50
FDIBA2009: posts big blind 100
*** HOLE CARDS ***
Dealt to s70n3fac3 [8h Ts]
s70n3fac3: calls 50
FDIBA2009: raises 200 to 300
s70n3fac3: calls 200
*** FLOP *** [Ac Kc 4h]
FDIBA2009: checks 
s70n3fac3: checks 
*** TURN *** [Ac Kc 4h] [8d]
FDIBA2009: bets 283
s70n3fac3: calls 283
*** RIVER *** [Ac Kc 4h 8d] [3c]
FDIBA2009: checks 
s70n3fac3: checks 
*** SHOW DOWN ***
FDIBA2009: shows [Kd Qh] (a pair of Kings)
s70n3fac3: mucks hand 
FDIBA2009 collected 1102 from pot
*** SUMMARY ***
Total pot 1166 | Rake 64 
Board [Ac Kc 4h 8d 3c]
Seat 1: s70n3fac3 (button) (small blind) mucked [8h Ts]
Seat 2: FDIBA2009 (big blind) showed [Kd Qh] and won (1102) with a pair of Kings



